timestamp,symbol,lastPrice,riseFallRate,fairPrice,indexPrice,volume24,amount24,maxBidPrice,minAskPrice,lower24Price,high24Price,bid1,ask1,holdVol,riseFallValue,fundingRate,zone,riseFallRates,riseFallRatesOfTimezone
1730290205148,BTC_USDT,72039.4,-0.0046,72040,72028.4,950027995,6871543312.62443,79231.2,64825.5,70903.1,73659.2,72036.6,72036.7,93564556,-336.2,0.0001,UTC+8,"[-0.0046, 0.0709, 0.0961, 0.0856, 0.2163, 1.0781]","[0.0083, -0.0096, -0.0046]"
1730290207096,BTC_USDT,72036.3,-0.0046,72037.3,72025.8,950028638,6871547941.67786,79228.3,64823.2,70903.1,73659.2,72036.3,72036.4,93097588,-339.3,0.0001,UTC+8,"[-0.0046, 0.0709, 0.0961, 0.0856, 0.2162, 1.0781]","[0.0083, -0.0096, -0.0046]"
1730290209095,BTC_USDT,72036.3,-0.0046,72036.3,72025.9,950041176,6871638260.10846,79228.4,64823.3,70903.1,73659.2,72036.3,72036.4,93587157,-339.3,0.0001,UTC+8,"[-0.0046, 0.0709, 0.0961, 0.0856, 0.2162, 1.0781]","[0.0083, -0.0096, -0.0046]"
1730290211100,BTC_USDT,72035.5,-0.0046,72035.5,72025.7,950051484,6871712519.33079,79228.2,64823.1,70903.1,73659.2,72033.1,72033.2,93127082,-340.1,0.0001,UTC+8,"[-0.0046, 0.0708, 0.096, 0.0856, 0.2162, 1.078]","[0.0083, -0.0096, -0.0046]"
1730290214102,BTC_USDT,72033.0,-0.0047,72033.1,72022.4,950241911,6873084222.88068,79224.6,64820.1,70903.1,73659.2,72033.0,72033.1,93618030,-342.6,0.0001,UTC+8,"[-0.0047, 0.0708, 0.096, 0.0855, 0.2162, 1.078]","[0.0082, -0.0097, -0.0047]"
1730290216094,BTC_USDT,72033.0,-0.0047,72033,72022.4,950250050,6873142848.40834,79224.6,64820.1,70903.1,73659.2,72033.0,72033.1,93629617,-342.6,0.0001,UTC+8,"[-0.0047, 0.0708, 0.096, 0.0855, 0.2162, 1.078]","[0.0082, -0.0097, -0.0047]"
1730290218089,BTC_USDT,72033.1,-0.0047,72033,72022.6,950251383,6873152456.17182,79224.8,64820.3,70903.1,73659.2,72033.0,72033.1,93237708,-342.5,0.0001,UTC+8,"[-0.0047, 0.0708, 0.096, 0.0855, 0.2162, 1.078]","[0.0083, -0.0097, -0.0047]"
1730290220089,BTC_USDT,72033.1,-0.0047,72033.1,72022.6,950286269,6873403749.06244,79224.8,64820.3,70903.1,73659.2,72033.0,72033.1,93236917,-342.5,0.0001,UTC+8,"[-0.0047, 0.0708, 0.096, 0.0855, 0.2162, 1.078]","[0.0083, -0.0097, -0.0047]"
1730290222104,BTC_USDT,72043.6,-0.0045,72043.3,72029.0,950295845,6873472731.92453,79231.9,64826.1,70903.1,73659.2,72043.6,72043.7,93171880,-332.0,0.0001,UTC+8,"[-0.0045, 0.071, 0.0962, 0.0857, 0.2163, 1.0783]","[0.0084, -0.0095, -0.0045]"
1730290225099,BTC_USDT,72034.9,-0.0047,72035,72022.5,950303349,6873526785.04291,79224.7,64820.2,70903.1,73659.2,72038.9,72039.0,92997772,-340.7,0.0001,UTC+8,"[-0.0047, 0.0708, 0.096, 0.0856, 0.2162, 1.078]","[0.0083, -0.0096, -0.0047]"
1730290227098,BTC_USDT,72043.6,-0.0045,72038.9,72026.3,950306814,6873551747.74393,79228.9,64823.6,70903.1,73659.2,72043.5,72043.6,93002987,-332.0,0.0001,UTC+8,"[-0.0045, 0.071, 0.0962, 0.0857, 0.2163, 1.0783]","[0.0084, -0.0095, -0.0045]"
1730290229098,BTC_USDT,72043.5,-0.0045,72040.6,72026.4,950307571,6873557207.20695,79229.0,64823.7,70903.1,73659.2,72046.4,72046.5,93474508,-332.1,0.0001,UTC+8,"[-0.0045, 0.071, 0.0962, 0.0857, 0.2163, 1.0783]","[0.0084, -0.0095, -0.0045]"
1730290231101,BTC_USDT,72046.5,-0.0045,72046.5,72034.0,950308407,6873563224.34441,79237.4,64830.6,70903.1,73659.2,72046.4,72046.5,93144082,-329.1,0.0001,UTC+8,"[-0.0045, 0.071, 0.0962, 0.0857, 0.2164, 1.0784]","[0.0084, -0.0095, -0.0045]"
1730290234098,BTC_USDT,72046.4,-0.0045,72046.5,72034.1,950379584,6874076032.5832,79237.5,64830.6,70903.1,73659.2,72046.4,72046.5,93634196,-329.2,0.0001,UTC+8,"[-0.0045, 0.071, 0.0962, 0.0857, 0.2164, 1.0783]","[0.0084, -0.0095, -0.0045]"
1730290236129,BTC_USDT,72059.4,-0.0043,72049.3,72035.1,950383242,6874102387.27233,79238.6,64831.5,70903.1,73659.2,72060.5,72060.6,93640799,-316.2,0.0001,UTC+8,"[-0.0043, 0.0712, 0.0964, 0.0859, 0.2166, 1.0787]","[0.0086, -0.0093, -0.0043]"
1730290238089,BTC_USDT,72046.8,-0.0045,72048,72033.9,950448364,6874571605.37579,79237.2,64830.5,70903.1,73659.2,72046.7,72046.8,93696748,-328.8,0.0001,UTC+8,"[-0.0045, 0.071, 0.0962, 0.0857, 0.2164, 1.0784]","[0.0084, -0.0095, -0.0045]"
1730290240103,BTC_USDT,72054.1,-0.0044,72046.8,72034.4,950450414,6874586376.78617,79237.8,64830.9,70903.1,73659.2,72055.1,72055.2,93303907,-321.5,0.0001,UTC+8,"[-0.0044, 0.0711, 0.0963, 0.0858, 0.2165, 1.0786]","[0.0085, -0.0094, -0.0044]"
1730290242107,BTC_USDT,72058.4,-0.0043,72055.1,72044.0,950452014,6874597907.58412,79248.4,64839.6,70903.1,73659.2,72058.7,72058.8,93233389,-317.2,0.0001,UTC+8,"[-0.0043, 0.0712, 0.0964, 0.0859, 0.2166, 1.0787]","[0.0086, -0.0093, -0.0043]"
1730290245097,BTC_USDT,72072.6,-0.0041,72061.9,72047.8,950499329,6874938869.61085,79252.5,64843.0,70903.1,73659.2,72073.1,72073.2,93413803,-303.0,0.0001,UTC+8,"[-0.0041, 0.0714, 0.0966, 0.0861, 0.2168, 1.0791]","[0.0088, -0.0091, -0.0041]"
1730290247102,BTC_USDT,72073.2,-0.0041,72069.5,72055.4,950511803,6875028773.65781,79260.9,64849.8,70903.1,73659.2,72073.1,72073.2,93366567,-302.4,0.0001,UTC+8,"[-0.0041, 0.0714, 0.0966, 0.0861, 0.2168, 1.0791]","[0.0088, -0.0091, -0.0041]"
1730290249102,BTC_USDT,72073.2,-0.0041,72069.5,72055.4,950521268,6875096993.10304,79260.9,64849.8,70903.1,73659.2,72073.1,72073.2,93461707,-302.4,0.0001,UTC+8,"[-0.0041, 0.0714, 0.0966, 0.0861, 0.2168, 1.0791]","[0.0088, -0.0091, -0.0041]"
1730290251100,BTC_USDT,72077.7,-0.0041,72072,72057.9,950621364,6875818417.27914,79263.6,64852.1,70903.1,73659.2,72077.9,72078.0,93488610,-297.9,0.0001,UTC+8,"[-0.0041, 0.0715, 0.0967, 0.0862, 0.2169, 1.0793]","[0.0089, -0.009, -0.0041]"
1730290254099,BTC_USDT,72085.0,-0.004,72076.6,72062.5,950655693,6876065875.21062,79268.7,64856.2,70903.1,73659.2,72084.9,72087.0,93475168,-290.6,0.0001,UTC+8,"[-0.004, 0.0716, 0.0968, 0.0863, 0.217, 1.0795]","[0.009, -0.0089, -0.004]"
1730290256095,BTC_USDT,72089.0,-0.0039,72084.4,72070.3,950676560,6876216298.97044,79277.3,64863.2,70903.1,73659.2,72088.9,72089.0,93495637,-286.6,0.0001,UTC+8,"[-0.0039, 0.0716, 0.0969, 0.0864, 0.2171, 1.0796]","[0.009, -0.0089, -0.0039]"
1730290258098,BTC_USDT,72096.5,-0.0038,72085.4,72071.3,950687244,6876293319.20515,79278.4,64864.1,70903.1,73659.2,72096.4,72096.5,93506182,-279.1,0.0001,UTC+8,"[-0.0038, 0.0717, 0.097, 0.0865, 0.2172, 1.0798]","[0.0091, -0.0088, -0.0038]"
1730290260098,BTC_USDT,72096.4,-0.0038,72087.6,72073.4,950688012,6876298860.54079,79280.7,64866.0,70903.1,73659.2,72091.6,72091.7,93433790,-279.2,0.0001,UTC+8,"[-0.0038, 0.0717, 0.097, 0.0865, 0.2172, 1.0798]","[0.0091, -0.0088, -0.0038]"
1730290262093,BTC_USDT,72089.1,-0.0039,72086.8,72072.6,950695597,6876353542.4217,79279.8,64865.3,70903.1,73659.2,72083.4,72083.5,93918554,-286.5,0.0001,UTC+8,"[-0.0039, 0.0716, 0.0969, 0.0864, 0.2171, 1.0796]","[0.009, -0.0089, -0.0039]"
1730290265102,BTC_USDT,72080.1,-0.004,72080,72067.0,950740927,6876680285.40828,79273.7,64860.3,70903.1,73659.2,72080.0,72080.1,93956895,-295.5,0.0001,UTC+8,"[-0.004, 0.0715, 0.0967, 0.0862, 0.2169, 1.0793]","[0.0089, -0.009, -0.004]"
1730290267089,BTC_USDT,72080.1,-0.004,72080,72065.8,950744953,6876709309.16427,79272.3,64859.2,70903.1,73659.2,72080.0,72080.1,93493745,-295.5,0.0001,UTC+8,"[-0.004, 0.0715, 0.0967, 0.0862, 0.2169, 1.0793]","[0.0089, -0.009, -0.004]"
1730290269096,BTC_USDT,72083.7,-0.004,72080.1,72066.0,950750709,6876750795.39672,79272.6,64859.4,70903.1,73659.2,72089.5,72089.6,93981358,-291.9,0.0001,UTC+8,"[-0.004, 0.0716, 0.0968, 0.0863, 0.217, 1.0794]","[0.009, -0.009, -0.004]"
1730290271095,BTC_USDT,72095.0,-0.0038,72088.8,72074.5,950767132,6876869196.30138,79281.9,64867.0,70903.1,73659.2,72094.9,72095.0,94007329,-280.6,0.0001,UTC+8,"[-0.0038, 0.0717, 0.097, 0.0865, 0.2172, 1.0797]","[0.0091, -0.0088, -0.0038]"
1730290274097,BTC_USDT,72098.6,-0.0038,72092.5,72078.1,950797341,6877086990.0793,79285.9,64870.2,70903.1,73659.2,72098.5,72098.6,93613647,-277.0,0.0001,UTC+8,"[-0.0038, 0.0718, 0.097, 0.0865, 0.2173, 1.0799]","[0.0092, -0.0088, -0.0038]"
1730290276098,BTC_USDT,72106.5,-0.0037,72098.6,72084.8,950874196,6877641141.25911,79293.2,64876.3,70903.1,73659.2,72106.5,72106.6,93729923,-269.1,0.0001,UTC+8,"[-0.0037, 0.0719, 0.0971, 0.0866, 0.2174, 1.0801]","[0.0093, -0.0087, -0.0037]"
1730290278099,BTC_USDT,72108.0,-0.0036,72104.6,72090.2,950892330,6877771900.08041,79299.2,64881.1,70903.1,73659.2,72113.9,72114.0,94157932,-267.6,0.0001,UTC+8,"[-0.0036, 0.0719, 0.0972, 0.0867, 0.2174, 1.0801]","[0.0093, -0.0086, -0.0036]"
1730290280100,BTC_USDT,72115.5,-0.0035,72110.1,72095.7,950932953,6878064840.97724,79305.2,64886.1,70903.1,73659.2,72116.1,72116.2,93527473,-260.1,0.0001,UTC+8,"[-0.0035, 0.072, 0.0973, 0.0868, 0.2175, 1.0803]","[0.0094, -0.0085, -0.0035]"
1730290282105,BTC_USDT,72118.3,-0.0035,72107.9,72096.2,950999859,6878547315.76085,79305.8,64886.5,70903.1,73659.2,72118.2,72118.3,93624178,-257.3,0.0001,UTC+8,"[-0.0035, 0.0721, 0.0973, 0.0868, 0.2176, 1.0804]","[0.0094, -0.0085, -0.0035]"
1730290285099,BTC_USDT,72131.6,-0.0033,72122.7,72108.1,951107439,6879323264.31706,79318.9,64897.2,70903.1,73659.2,72131.5,72131.6,93660957,-244.0,0.0001,UTC+8,"[-0.0033, 0.0723, 0.0975, 0.087, 0.2178, 1.0808]","[0.0096, -0.0083, -0.0033]"
1730290287094,BTC_USDT,72145.7,-0.0031,72131.5,72122.1,951184283,6879877622.90889,79334.3,64909.8,70903.1,73659.2,72145.6,72145.7,93725163,-229.9,0.0001,UTC+8,"[-0.0031, 0.0725, 0.0977, 0.0872, 0.2181, 1.0812]","[0.0098, -0.0081, -0.0031]"
1730290289092,BTC_USDT,72131.2,-0.0033,72136.2,72121.5,951219178,6880129349.16972,79333.6,64909.3,70903.1,73659.2,72135.7,72135.8,93842224,-244.4,0.0001,UTC+8,"[-0.0033, 0.0723, 0.0975, 0.087, 0.2178, 1.0808]","[0.0096, -0.0083, -0.0033]"
1730290291105,BTC_USDT,72131.9,-0.0033,72131.8,72117.7,951237689,6880262877.46299,79329.4,64905.9,70903.1,73659.2,72131.8,72131.9,93796649,-243.7,0.0001,UTC+8,"[-0.0033, 0.0723, 0.0975, 0.087, 0.2178, 1.0808]","[0.0096, -0.0083, -0.0033]"
1730290294098,BTC_USDT,72145.1,-0.0031,72142.1,72127.3,951273267,6880519552.84879,79340.0,64914.5,70903.1,73659.2,72144.8,72144.9,94309085,-230.5,0.0001,UTC+8,"[-0.0031, 0.0725, 0.0977, 0.0872, 0.218, 1.0812]","[0.0098, -0.0081, -0.0031]"
1730290296098,BTC_USDT,72144.9,-0.0031,72142.2,72127.4,951298412,6880700961.88722,79340.1,64914.6,70903.1,73659.2,72144.8,72144.9,93848223,-230.7,0.0001,UTC+8,"[-0.0031, 0.0725, 0.0977, 0.0872, 0.218, 1.0812]","[0.0098, -0.0081, -0.0031]"
1730290298107,BTC_USDT,72146.0,-0.0031,72143.1,72128.3,951305452,6880751750.65579,79341.1,64915.4,70903.1,73659.2,72145.9,72146.0,94102556,-229.6,0.0001,UTC+8,"[-0.0031, 0.0725, 0.0977, 0.0872, 0.2181, 1.0812]","[0.0098, -0.0081, -0.0031]"
1730290300104,BTC_USDT,72147.1,-0.0031,72143,72128.2,951333159,6880951649.6217,79341.0,64915.3,70903.1,73659.2,72147.0,72147.1,93694512,-228.5,0.0001,UTC+8,"[-0.0031, 0.0725, 0.0977, 0.0872, 0.2181, 1.0813]","[0.0098, -0.0081, -0.0031]"
1730290302100,BTC_USDT,72145.5,-0.0031,72142.8,72128.0,951334933,6880964447.724,79340.8,64915.2,70903.1,73659.2,72144.9,72145.0,94190874,-230.1,0.0001,UTC+8,"[-0.0031, 0.0725, 0.0977, 0.0872, 0.218, 1.0812]","[0.0098, -0.0081, -0.0031]"
1730290305095,BTC_USDT,72144.9,-0.0031,72143.6,72128.7,951383742,6881316578.89535,79341.5,64915.8,70903.1,73659.2,72144.9,72145.0,94248524,-230.7,0.0001,UTC+8,"[-0.0031, 0.0725, 0.0977, 0.0872, 0.218, 1.0812]","[0.0098, -0.0081, -0.0031]"
1730290307091,BTC_USDT,72144.9,-0.0031,72143.4,72128.5,951397114,6881413052.59255,79341.3,64915.6,70903.1,73659.2,72144.9,72145.0,93875155,-230.7,0.0001,UTC+8,"[-0.0031, 0.0725, 0.0977, 0.0872, 0.218, 1.0812]","[0.0098, -0.0081, -0.0031]"
1730290309098,BTC_USDT,72145.0,-0.0031,72143.4,72128.5,951435893,6881692824.79702,79341.3,64915.6,70903.1,73659.2,72144.9,72145.0,94281201,-230.6,0.0001,UTC+8,"[-0.0031, 0.0725, 0.0977, 0.0872, 0.218, 1.0812]","[0.0098, -0.0081, -0.0031]"
1730290311108,BTC_USDT,72140.2,-0.0032,72142.9,72128.0,951446144,6881766780.42334,79340.8,64915.2,70903.1,73659.2,72140.1,72140.2,94293099,-235.4,0.0001,UTC+8,"[-0.0032, 0.0724, 0.0976, 0.0871, 0.218, 1.0811]","[0.0097, -0.0082, -0.0032]"
1730290314102,BTC_USDT,72140.0,-0.0032,72140,72125.7,951558043,6882574018.51412,79338.2,64913.1,70903.1,73659.2,72140.0,72140.1,93843598,-235.6,0.0001,UTC+8,"[-0.0032, 0.0724, 0.0976, 0.0871, 0.218, 1.081]","[0.0097, -0.0082, -0.0032]"
1730290316094,BTC_USDT,72140.0,-0.0032,72140,72125.8,951578367,6882720634.53148,79338.3,64913.2,70903.1,73659.2,72140.0,72140.1,93429485,-235.6,0.0001,UTC+8,"[-0.0032, 0.0724, 0.0976, 0.0871, 0.218, 1.081]","[0.0097, -0.0082, -0.0032]"
1730290318102,BTC_USDT,72140.0,-0.0032,72140,72125.8,951584152,6882762368.98396,79338.3,64913.2,70903.1,73659.2,72140.0,72140.1,94187377,-235.6,0.0001,UTC+8,"[-0.0032, 0.0724, 0.0976, 0.0871, 0.218, 1.081]","[0.0097, -0.0082, -0.0032]"
1730290320097,BTC_USDT,72140.0,-0.0032,72140,72125.8,951713694,6883696887.86677,79338.3,64913.2,70903.1,73659.2,72140.0,72140.1,94200747,-235.6,0.0001,UTC+8,"[-0.0032, 0.0724, 0.0976, 0.0871, 0.218, 1.081]","[0.0097, -0.0082, -0.0032]"
1730290322097,BTC_USDT,72140.0,-0.0032,72140,72125.9,951721133,6883750549.21572,79338.4,64913.3,70903.1,73659.2,72140.0,72140.1,93746959,-235.6,0.0001,UTC+8,"[-0.0032, 0.0724, 0.0976, 0.0871, 0.218, 1.081]","[0.0097, -0.0082, -0.0032]"
1730290325088,BTC_USDT,72140.0,-0.0032,72140,72125.9,951749538,6883955462.30344,79338.4,64913.3,70903.1,73659.2,72140.0,72140.1,94270221,-235.6,0.0001,UTC+8,"[-0.0032, 0.0724, 0.0976, 0.0871, 0.218, 1.081]","[0.0097, -0.0082, -0.0032]"
1730290327100,BTC_USDT,72140.1,-0.0032,72140.1,72125.9,951757544,6884013220.55202,79338.4,64913.3,70903.1,73659.2,72140.0,72140.1,93819836,-235.5,0.0001,UTC+8,"[-0.0032, 0.0724, 0.0976, 0.0871, 0.218, 1.0811]","[0.0097, -0.0082, -0.0032]"
1730290329096,BTC_USDT,72140.0,-0.0032,72140.1,72125.9,951806811,6884368631.99802,79338.4,64913.3,70903.1,73659.2,72140.0,72140.1,93920438,-235.6,0.0001,UTC+8,"[-0.0032, 0.0724, 0.0976, 0.0871, 0.218, 1.081]","[0.0097, -0.0082, -0.0032]"
1730290331095,BTC_USDT,72146.9,-0.0031,72145,72129.9,951837072,6884586944.083,79342.8,64916.9,70903.1,73659.2,72146.9,72147.0,93951571,-228.7,0.0001,UTC+8,"[-0.0031, 0.0725, 0.0977, 0.0872, 0.2181, 1.0812]","[0.0098, -0.0081, -0.0031]"
1730290334095,BTC_USDT,72144.8,-0.0031,72144.8,72129.7,951845787,6884649823.53429,79342.6,64916.7,70903.1,73659.2,72144.8,72144.9,94032727,-230.8,0.0001,UTC+8,"[-0.0031, 0.0725, 0.0977, 0.0872, 0.218, 1.0812]","[0.0098, -0.0081, -0.0031]"
1730290336106,BTC_USDT,72141.8,-0.0032,72141.8,72129.6,951861111,6884760369.96087,79342.5,64916.6,70903.1,73659.2,72141.7,72141.8,93473481,-233.8,0.0001,UTC+8,"[-0.0032, 0.0724, 0.0977, 0.0872, 0.218, 1.0811]","[0.0098, -0.0082, -0.0032]"
1730290338097,BTC_USDT,72144.7,-0.0031,72141.7,72129.7,951862364,6884769407.89802,79342.6,64916.7,70903.1,73659.2,72144.7,72144.8,93943035,-230.9,0.0001,UTC+8,"[-0.0031, 0.0725, 0.0977, 0.0872, 0.218, 1.0812]","[0.0098, -0.0081, -0.0031]"
1730290340101,BTC_USDT,72144.7,-0.0031,72144.7,72130.1,951866459,6884798951.18608,79343.1,64917.0,70903.1,73659.2,72144.7,72144.8,93946797,-230.9,0.0001,UTC+8,"[-0.0031, 0.0725, 0.0977, 0.0872, 0.218, 1.0812]","[0.0098, -0.0081, -0.0031]"
1730290342117,BTC_USDT,72144.8,-0.0031,72144.7,72130.1,951867815,6884808736.17672,79343.1,64917.0,70903.1,73659.2,72144.7,72144.8,93949827,-230.8,0.0001,UTC+8,"[-0.0031, 0.0725, 0.0977, 0.0872, 0.218, 1.0812]","[0.0098, -0.0081, -0.0031]"
1730290345102,BTC_USDT,72144.8,-0.0031,72144.7,72130.0,951888357,6884956939.51506,79343.0,64917.0,70903.1,73659.2,72144.7,72144.8,93952611,-230.8,0.0001,UTC+8,"[-0.0031, 0.0725, 0.0977, 0.0872, 0.218, 1.0812]","[0.0098, -0.0081, -0.0031]"
1730290347090,BTC_USDT,72146.9,-0.0031,72145.6,72130.4,951910788,6885118765.6479,79343.4,64917.3,70903.1,73659.2,72147.8,72147.9,93504028,-228.7,0.0001,UTC+8,"[-0.0031, 0.0725, 0.0977, 0.0872, 0.2181, 1.0812]","[0.0098, -0.0081, -0.0031]"
1730290349090,BTC_USDT,72161.6,-0.0029,72155.6,72140.4,952022772,6885926782.38963,79354.4,64926.3,70903.1,73659.2,72161.6,72161.7,93548873,-214.0,0.0001,UTC+8,"[-0.0029, 0.0727, 0.098, 0.0875, 0.2183, 1.0817]","[0.01, -0.0079, -0.0029]"
1730290351094,BTC_USDT,72152.8,-0.003,72152.9,72139.7,952028500,6885968108.66482,79353.6,64925.7,70903.1,73659.2,72152.8,72152.9,94026605,-222.8,0.0001,UTC+8,"[-0.003, 0.0726, 0.0978, 0.0873, 0.2182, 1.0814]","[0.0099, -0.008, -0.003]"
1730290354098,BTC_USDT,72156.2,-0.003,72155.9,72140.6,952051473,6886133878.17749,79354.6,64926.5,70903.1,73659.2,72156.2,72156.3,93603090,-219.4,0.0001,UTC+8,"[-0.003, 0.0726, 0.0979, 0.0874, 0.2182, 1.0815]","[0.01, -0.008, -0.003]"
1730290356099,BTC_USDT,72156.2,-0.003,72155.9,72140.6,952051539,6886134352.24424,79354.6,64926.5,70903.1,73659.2,72156.2,72156.3,93677269,-219.4,0.0001,UTC+8,"[-0.003, 0.0726, 0.0979, 0.0874, 0.2182, 1.0815]","[0.01, -0.008, -0.003]"
1730290358131,BTC_USDT,72150.8,-0.0031,72155.5,72140.1,952067873,6886252212.94774,79354.1,64926.0,70903.1,73659.2,72144.9,72145.0,93879959,-224.8,0.0001,UTC+8,"[-0.0031, 0.0726, 0.0978, 0.0873, 0.2181, 1.0814]","[0.0099, -0.008, -0.0031]"
1730290360091,BTC_USDT,72145.0,-0.0031,72144.9,72132.5,952077935,6886324805.76191,79345.7,64919.2,70903.1,73659.2,72144.9,72145.0,93882449,-230.6,0.0001,UTC+8,"[-0.0031, 0.0725, 0.0977, 0.0872, 0.218, 1.0812]","[0.0098, -0.0081, -0.0031]"
1730290362099,BTC_USDT,72150.9,-0.0031,72144.9,72140.5,952083483,6886364833.28138,79354.5,64926.4,70903.1,73659.2,72150.8,72150.9,93494352,-224.7,0.0001,UTC+8,"[-0.0031, 0.0726, 0.0978, 0.0873, 0.2181, 1.0814]","[0.0099, -0.008, -0.0031]"
1730290365101,BTC_USDT,72150.0,-0.0031,72150.1,72138.3,952094751,6886446131.91694,79352.1,64924.4,70903.1,73659.2,72150.0,72150.1,93423676,-225.6,0.0001,UTC+8,"[-0.0031, 0.0725, 0.0978, 0.0873, 0.2181, 1.0813]","[0.0099, -0.0081, -0.0031]"
1730290367101,BTC_USDT,72150.0,-0.0031,72150.1,72138.3,952116058,6886599865.70778,79352.1,64924.4,70903.1,73659.2,72150.0,72150.1,93545403,-225.6,0.0001,UTC+8,"[-0.0031, 0.0725, 0.0978, 0.0873, 0.2181, 1.0813]","[0.0099, -0.0081, -0.0031]"
1730290369097,BTC_USDT,72145.0,-0.0031,72148.3,72132.9,952117835,6886612683.88745,79346.1,64919.6,70903.1,73659.2,72144.9,72145.0,93472255,-230.6,0.0001,UTC+8,"[-0.0031, 0.0725, 0.0977, 0.0872, 0.218, 1.0812]","[0.0098, -0.0081, -0.0031]"
1730290371098,BTC_USDT,72141.6,-0.0032,72141.6,72131.2,952130272,6886702411.17325,79344.3,64918.0,70903.1,73659.2,72141.6,72141.7,93943359,-234.0,0.0001,UTC+8,"[-0.0032, 0.0724, 0.0977, 0.0872, 0.218, 1.0811]","[0.0098, -0.0082, -0.0032]"
1730290373104,BTC_USDT,72141.7,-0.0032,72141.7,72131.2,952143389,6886797036.44437,79344.3,64918.0,70903.1,73659.2,72141.6,72141.7,93951518,-233.9,0.0001,UTC+8,"[-0.0032, 0.0724, 0.0977, 0.0872, 0.218, 1.0811]","[0.0098, -0.0082, -0.0032]"
1730290376094,BTC_USDT,72140.0,-0.0032,72140.1,72131.2,952161425,6886927148.40661,79344.3,64918.0,70903.1,73659.2,72140.0,72140.1,93520651,-235.6,0.0001,UTC+8,"[-0.0032, 0.0724, 0.0976, 0.0871, 0.218, 1.081]","[0.0097, -0.0082, -0.0032]"
1730290378090,BTC_USDT,72140.1,-0.0032,72140,72130.3,952162997,6886938490.98049,79343.3,64917.2,70903.1,73659.2,72140.0,72140.1,93594707,-235.5,0.0001,UTC+8,"[-0.0032, 0.0724, 0.0976, 0.0871, 0.218, 1.0811]","[0.0097, -0.0082, -0.0032]"
1730290380100,BTC_USDT,72140.0,-0.0032,72140,72130.3,952163111,6886939315.54137,79343.3,64917.2,70903.1,73659.2,72140.0,72140.1,93431251,-235.6,0.0001,UTC+8,"[-0.0032, 0.0724, 0.0976, 0.0871, 0.218, 1.081]","[0.0097, -0.0082, -0.0032]"
1730290382090,BTC_USDT,72140.0,-0.0032,72140.1,72130.3,952168152,6886975680.60116,79343.3,64917.2,70903.1,73659.2,72140.0,72140.1,93907133,-235.6,0.0001,UTC+8,"[-0.0032, 0.0724, 0.0976, 0.0871, 0.218, 1.081]","[0.0097, -0.0082, -0.0032]"
1730290385096,BTC_USDT,72134.0,-0.0033,72133,72124.8,952182414,6887078565.13434,79337.2,64912.3,70903.1,73659.2,72134.0,72134.1,93935536,-241.6,0.0001,UTC+8,"[-0.0033, 0.0723, 0.0975, 0.0871, 0.2179, 1.0809]","[0.0097, -0.0083, -0.0033]"
1730290387099,BTC_USDT,72134.0,-0.0033,72134,72124.6,952197070,6887184281.84053,79337.0,64912.1,70903.1,73659.2,72134.0,72134.1,93959853,-241.6,0.0001,UTC+8,"[-0.0033, 0.0723, 0.0975, 0.0871, 0.2179, 1.0809]","[0.0097, -0.0083, -0.0033]"
1730290389123,BTC_USDT,72129.9,-0.0033,72128,72113.1,952209132,6887271279.65457,79324.4,64901.7,70903.1,73659.2,72129.9,72130.0,93523261,-245.7,0.0001,UTC+8,"[-0.0033, 0.0722, 0.0975, 0.087, 0.2178, 1.0808]","[0.0096, -0.0083, -0.0033]"
1730290391095,BTC_USDT,72129.9,-0.0033,72128.1,72113.1,952223558,6887375334.99266,79324.4,64901.7,70903.1,73659.2,72129.9,72130.0,94005837,-245.7,0.0001,UTC+8,"[-0.0033, 0.0722, 0.0975, 0.087, 0.2178, 1.0808]","[0.0096, -0.0083, -0.0033]"
1730290394095,BTC_USDT,72128.2,-0.0034,72128,72113.1,952231480,6887432473.92804,79324.4,64901.7,70903.1,73659.2,72128.1,72128.2,93553385,-247.4,0.0001,UTC+8,"[-0.0034, 0.0722, 0.0975, 0.087, 0.2178, 1.0807]","[0.0096, -0.0084, -0.0034]"
1730290396111,BTC_USDT,72128.1,-0.0034,72128.1,72113.1,952309495,6887995185.64435,79324.4,64901.7,70903.1,73659.2,72128.1,72128.2,93638758,-247.5,0.0001,UTC+8,"[-0.0034, 0.0722, 0.0975, 0.087, 0.2178, 1.0807]","[0.0096, -0.0084, -0.0034]"
1730290398102,BTC_USDT,72128.1,-0.0034,72128.1,72113.1,952319042,6888064041.29543,79324.4,64901.7,70903.1,73659.2,72128.1,72128.2,94116110,-247.5,0.0001,UTC+8,"[-0.0034, 0.0722, 0.0975, 0.087, 0.2178, 1.0807]","[0.0096, -0.0084, -0.0034]"
1730290400105,BTC_USDT,72128.2,-0.0034,72127.9,72112.9,952319662,6888068513.96384,79324.1,64901.6,70903.1,73659.2,72128.1,72128.2,94117047,-247.4,0.0001,UTC+8,"[-0.0034, 0.0722, 0.0975, 0.087, 0.2178, 1.0807]","[0.0096, -0.0084, -0.0034]"
1730290402109,BTC_USDT,72128.2,-0.0034,72127.5,72112.6,952335174,6888180401.9788,79323.8,64901.3,70903.1,73659.2,72128.1,72128.2,93426474,-247.4,0.0001,UTC+8,"[-0.0034, 0.0722, 0.0975, 0.087, 0.2178, 1.0807]","[0.0096, -0.0084, -0.0034]"
1730290405099,BTC_USDT,72111.1,-0.0036,72111.1,72101.3,952342840,6888235687.33876,79311.4,64891.1,70903.1,73659.2,72111.0,72111.1,93829205,-264.5,0.0001,UTC+8,"[-0.0036, 0.072, 0.0972, 0.0867, 0.2175, 1.0802]","[0.0093, -0.0086, -0.0036]"
1730290407100,BTC_USDT,72108.4,-0.0036,72111,72096.8,952386768,6888552457.1366,79306.4,64887.1,70903.1,73659.2,72108.4,72108.5,93365456,-267.2,0.0001,UTC+8,"[-0.0036, 0.0719, 0.0972, 0.0867, 0.2174, 1.0801]","[0.0093, -0.0086, -0.0036]"
1730290409100,BTC_USDT,72104.4,-0.0037,72105.9,72092.7,952416173,6888764482.38044,79301.9,64883.4,70903.1,73659.2,72104.4,72104.5,93467091,-271.2,0.0001,UTC+8,"[-0.0037, 0.0719, 0.0971, 0.0866, 0.2174, 1.08]","[0.0092, -0.0087, -0.0037]"
1730290411108,BTC_USDT,72111.0,-0.0036,72101.7,72094.3,952420251,6888793885.84944,79303.7,64884.8,70903.1,73659.2,72111.0,72111.1,93473618,-264.6,0.0001,UTC+8,"[-0.0036, 0.072, 0.0972, 0.0867, 0.2175, 1.0802]","[0.0093, -0.0086, -0.0036]"
1730290414103,BTC_USDT,72121.7,-0.0035,72119.6,72104.8,952439292,6888931204.44994,79315.2,64894.3,70903.1,73659.2,72119.2,72121.8,93898095,-253.9,0.0001,UTC+8,"[-0.0035, 0.0721, 0.0974, 0.0869, 0.2176, 1.0805]","[0.0095, -0.0084, -0.0035]"
1730290416101,BTC_USDT,72115.3,-0.0035,72114.8,72100.0,952442514,6888954440.00921,79310.0,64890.0,70903.1,73659.2,72114.3,72114.4,93903322,-260.3,0.0001,UTC+8,"[-0.0035, 0.072, 0.0973, 0.0868, 0.2175, 1.0803]","[0.0094, -0.0085, -0.0035]"
1730290418088,BTC_USDT,72109.9,-0.0036,72110,72099.2,952487081,6889275809.75623,79309.1,64889.2,70903.1,73659.2,72109.9,72110.0,94005191,-265.7,0.0001,UTC+8,"[-0.0036, 0.0719, 0.0972, 0.0867, 0.2174, 1.0802]","[0.0093, -0.0086, -0.0036]"
1730290420120,BTC_USDT,72104.6,-0.0037,72109.4,72094.7,952489866,6889295894.59134,79304.1,64885.2,70903.1,73659.2,72104.6,72104.7,93352600,-271.0,0.0001,UTC+8,"[-0.0037, 0.0719, 0.0971, 0.0866, 0.2174, 1.08]","[0.0093, -0.0087, -0.0037]"
1730290423101,BTC_USDT,72102.1,-0.0037,72104.6,72094.5,952515154,6889478228.04783,79303.9,64885.0,70903.1,73659.2,72102.0,72102.1,93382850,-273.5,0.0001,UTC+8,"[-0.0037, 0.0718, 0.0971, 0.0866, 0.2173, 1.08]","[0.0092, -0.0087, -0.0037]"
1730290425098,BTC_USDT,72109.1,-0.0036,72109.1,72094.8,952531854,6889598642.35136,79304.2,64885.3,70903.1,73659.2,72109.0,72109.1,93405371,-266.5,0.0001,UTC+8,"[-0.0036, 0.0719, 0.0972, 0.0867, 0.2174, 1.0802]","[0.0093, -0.0086, -0.0036]"
1730290427102,BTC_USDT,72109.1,-0.0036,72109,72094.8,952533948,6889613744.14014,79304.2,64885.3,70903.1,73659.2,72109.0,72109.1,93877851,-266.5,0.0001,UTC+8,"[-0.0036, 0.0719, 0.0972, 0.0867, 0.2174, 1.0802]","[0.0093, -0.0086, -0.0036]"
1730290429099,BTC_USDT,72109.0,-0.0036,72109.1,72094.8,952553000,6889751127.03477,79304.2,64885.3,70903.1,73659.2,72109.0,72109.1,93920288,-266.6,0.0001,UTC+8,"[-0.0036, 0.0719, 0.0972, 0.0867, 0.2174, 1.0802]","[0.0093, -0.0086, -0.0036]"
1730290431102,BTC_USDT,72109.0,-0.0036,72109.1,72098.0,952561228,6889810456.87865,79307.8,64888.2,70903.1,73659.2,72109.0,72109.1,93452946,-266.6,0.0001,UTC+8,"[-0.0036, 0.0719, 0.0972, 0.0867, 0.2174, 1.0802]","[0.0093, -0.0086, -0.0036]"
1730290434101,BTC_USDT,72109.1,-0.0036,72109,72098.0,952561332,6889811203.20777,79307.8,64888.2,70903.1,73659.2,72109.0,72109.1,93527264,-266.5,0.0001,UTC+8,"[-0.0036, 0.0719, 0.0972, 0.0867, 0.2174, 1.0802]","[0.0093, -0.0086, -0.0036]"
1730290436096,BTC_USDT,72109.0,-0.0036,72109.1,72098.0,952563351,6889825766.34656,79307.8,64888.2,70903.1,73659.2,72109.0,72109.1,93453448,-266.6,0.0001,UTC+8,"[-0.0036, 0.0719, 0.0972, 0.0867, 0.2174, 1.0802]","[0.0093, -0.0086, -0.0036]"
1730290438094,BTC_USDT,72109.0,-0.0036,72109,72098.0,952563748,6889828628.35289,79307.8,64888.2,70903.1,73659.2,72108.9,72109.0,93453893,-266.6,0.0001,UTC+8,"[-0.0036, 0.0719, 0.0972, 0.0867, 0.2174, 1.0802]","[0.0093, -0.0086, -0.0036]"
1730290440098,BTC_USDT,72121.7,-0.0035,72109,72098.7,952574191,6889903930.91026,79308.5,64888.8,70903.1,73659.2,72121.6,72121.7,93474059,-253.9,0.0001,UTC+8,"[-0.0035, 0.0721, 0.0974, 0.0869, 0.2176, 1.0805]","[0.0095, -0.0084, -0.0035]"
1730290443085,BTC_USDT,72121.6,-0.0035,72119,72104.6,952576835,6889923001.32775,79315.0,64894.1,70903.1,73659.2,72121.6,72121.7,93457329,-254.0,0.0001,UTC+8,"[-0.0035, 0.0721, 0.0974, 0.0869, 0.2176, 1.0805]","[0.0095, -0.0084, -0.0035]"
1730290445102,BTC_USDT,72121.7,-0.0035,72118.8,72104.4,952636125,6890350612.17956,79314.8,64893.9,70903.1,73659.2,72121.6,72121.7,93508691,-253.9,0.0001,UTC+8,"[-0.0035, 0.0721, 0.0974, 0.0869, 0.2176, 1.0805]","[0.0095, -0.0084, -0.0035]"
1730290447101,BTC_USDT,72121.7,-0.0035,72118.8,72104.4,952663694,6890549443.05142,79314.8,64893.9,70903.1,73659.2,72121.5,72121.6,93963367,-253.9,0.0001,UTC+8,"[-0.0035, 0.0721, 0.0974, 0.0869, 0.2176, 1.0805]","[0.0095, -0.0084, -0.0035]"
1730290449105,BTC_USDT,72121.5,-0.0035,72118.8,72104.4,952675605,6890635344.1993,79314.8,64893.9,70903.1,73659.2,72120.8,72120.9,93990290,-254.1,0.0001,UTC+8,"[-0.0035, 0.0721, 0.0974, 0.0869, 0.2176, 1.0805]","[0.0095, -0.0084, -0.0035]"
1730290451131,BTC_USDT,72111.8,-0.0036,72111.8,72104.0,952687977,6890724563.50094,79314.4,64893.6,70903.1,73659.2,72111.7,72111.8,93582957,-263.8,0.0001,UTC+8,"[-0.0036, 0.072, 0.0972, 0.0867, 0.2175, 1.0802]","[0.0094, -0.0086, -0.0036]"
1730290454101,BTC_USDT,72124.2,-0.0034,72124.6,72110.2,952728142,6891014241.10862,79321.2,64899.1,70903.1,73659.2,72124.1,72124.2,93589273,-251.4,0.0001,UTC+8,"[-0.0034, 0.0722, 0.0974, 0.0869, 0.2177, 1.0806]","[0.0095, -0.0084, -0.0034]"
1730290456096,BTC_USDT,72119.9,-0.0035,72121.7,72109.9,952743014,6891121494.99837,79320.8,64898.9,70903.1,73659.2,72119.9,72120.0,93674387,-255.7,0.0001,UTC+8,"[-0.0035, 0.0721, 0.0973, 0.0868, 0.2176, 1.0805]","[0.0095, -0.0085, -0.0035]"
1730290458097,BTC_USDT,72121.5,-0.0035,72119.9,72110.0,952756718,6891220330.42283,79321.0,64899.0,70903.1,73659.2,72121.4,72121.5,93611794,-254.1,0.0001,UTC+8,"[-0.0035, 0.0721, 0.0974, 0.0869, 0.2176, 1.0805]","[0.0095, -0.0084, -0.0035]"
1730290460100,BTC_USDT,72121.5,-0.0035,72121.4,72110.0,952757484,6891225854.20681,79321.0,64899.0,70903.1,73659.2,72121.4,72121.5,94081250,-254.1,0.0001,UTC+8,"[-0.0035, 0.0721, 0.0974, 0.0869, 0.2176, 1.0805]","[0.0095, -0.0084, -0.0035]"
1730290463094,BTC_USDT,72121.4,-0.0035,72121.5,72108.7,952768017,6891301817.5311,79319.5,64897.8,70903.1,73659.2,72121.0,72121.1,93554121,-254.2,0.0001,UTC+8,"[-0.0035, 0.0721, 0.0974, 0.0869, 0.2176, 1.0805]","[0.0095, -0.0084, -0.0035]"
1730290465096,BTC_USDT,72121.0,-0.0035,72121.1,72108.5,952769994,6891316078.02353,79319.3,64897.6,70903.1,73659.2,72121.0,72121.1,93480477,-254.6,0.0001,UTC+8,"[-0.0035, 0.0721, 0.0973, 0.0869, 0.2176, 1.0805]","[0.0095, -0.0085, -0.0035]"
1730290467089,BTC_USDT,72121.1,-0.0035,72121.1,72108.0,952771609,6891327729.17208,79318.8,64897.2,70903.1,73659.2,72111.7,72111.8,93952479,-254.5,0.0001,UTC+8,"[-0.0035, 0.0721, 0.0973, 0.0869, 0.2176, 1.0805]","[0.0095, -0.0085, -0.0035]"
1730290469102,BTC_USDT,72106.6,-0.0037,72111.8,72099.5,952844910,6891856290.75312,79309.4,64889.5,70903.1,73659.2,72106.5,72106.6,94045984,-269.0,0.0001,UTC+8,"[-0.0037, 0.0719, 0.0971, 0.0866, 0.2174, 1.0801]","[0.0093, -0.0087, -0.0037]"
1730290471102,BTC_USDT,72104.7,-0.0037,72104.7,72098.0,952870692,6892042198.10265,79307.8,64888.2,70903.1,73659.2,72104.7,72104.8,94052003,-270.9,0.0001,UTC+8,"[-0.0037, 0.0719, 0.0971, 0.0866, 0.2174, 1.08]","[0.0093, -0.0087, -0.0037]"
1730290474092,BTC_USDT,72104.4,-0.0037,72109.2,72097.9,952883622,6892135432.38828,79307.6,64888.1,70903.1,73659.2,72104.4,72104.5,93585905,-271.2,0.0001,UTC+8,"[-0.0037, 0.0719, 0.0971, 0.0866, 0.2174, 1.08]","[0.0092, -0.0087, -0.0037]"
1730290476104,BTC_USDT,72100.0,-0.0038,72100,72091.5,952899932,6892253026.07604,79300.6,64882.3,70903.1,73659.2,72100.0,72100.1,94038258,-275.6,0.0001,UTC+8,"[-0.0038, 0.0718, 0.097, 0.0865, 0.2173, 1.0799]","[0.0092, -0.0087, -0.0038]"
1730290478098,BTC_USDT,72100.0,-0.0038,72100,72090.6,952914105,6892355214.97019,79299.6,64881.5,70903.1,73659.2,72100.0,72100.1,93494475,-275.6,0.0001,UTC+8,"[-0.0038, 0.0718, 0.097, 0.0865, 0.2173, 1.0799]","[0.0092, -0.0087, -0.0038]"
1730290480100,BTC_USDT,72100.1,-0.0038,72100,72090.6,952920531,6892401539.95085,79299.6,64881.5,70903.1,73659.2,72100.0,72100.1,93497076,-275.5,0.0001,UTC+8,"[-0.0038, 0.0718, 0.097, 0.0865, 0.2173, 1.0799]","[0.0092, -0.0087, -0.0038]"
1730290482089,BTC_USDT,72100.1,-0.0038,72100,72090.6,952922193,6892413525.14521,79299.6,64881.5,70903.1,73659.2,72100.0,72100.1,93499546,-275.5,0.0001,UTC+8,"[-0.0038, 0.0718, 0.097, 0.0865, 0.2173, 1.0799]","[0.0092, -0.0087, -0.0038]"
1730290485101,BTC_USDT,72100.1,-0.0038,72100.1,72090.6,952926047,6892441311.07456,79299.6,64881.5,70903.1,73659.2,72100.0,72100.1,93578582,-275.5,0.0001,UTC+8,"[-0.0038, 0.0718, 0.097, 0.0865, 0.2173, 1.0799]","[0.0092, -0.0087, -0.0038]"
1730290487097,BTC_USDT,72100.1,-0.0038,72100.1,72090.6,952929607,6892466981.55924,79299.6,64881.5,70903.1,73659.2,72100.0,72100.1,93973016,-275.5,0.0001,UTC+8,"[-0.0038, 0.0718, 0.097, 0.0865, 0.2173, 1.0799]","[0.0092, -0.0087, -0.0038]"
1730290489101,BTC_USDT,72100.0,-0.0038,72100,72090.6,952947648,6892597060.05344,79299.6,64881.5,70903.1,73659.2,72100.0,72100.1,93610056,-275.6,0.0001,UTC+8,"[-0.0038, 0.0718, 0.097, 0.0865, 0.2173, 1.0799]","[0.0092, -0.0087, -0.0038]"
1730290491099,BTC_USDT,72100.0,-0.0038,72100,72090.6,952949189,6892608169.22615,79299.6,64881.5,70903.1,73659.2,72100.0,72100.1,94006653,-275.6,0.0001,UTC+8,"[-0.0038, 0.0718, 0.097, 0.0865, 0.2173, 1.0799]","[0.0092, -0.0087, -0.0038]"
1730290494094,BTC_USDT,72093.4,-0.0038,72096.6,72082.7,953024463,6893150847.24089,79290.9,64874.4,70903.1,73659.2,72093.4,72093.5,93567073,-282.2,0.0001,UTC+8,"[-0.0038, 0.0717, 0.0969, 0.0864, 0.2172, 1.0797]","[0.0091, -0.0088, -0.0038]"
1730290496094,BTC_USDT,72085.2,-0.004,72088.4,72074.5,953032798,6893210936.07523,79281.9,64867.0,70903.1,73659.2,72085.1,72085.2,93568305,-290.4,0.0001,UTC+8,"[-0.004, 0.0716, 0.0968, 0.0863, 0.217, 1.0795]","[0.009, -0.0089, -0.004]"
1730290498094,BTC_USDT,72080.0,-0.004,72085.1,72074.5,953154293,6894086731.083,79281.9,64867.0,70903.1,73659.2,72078.5,72079.7,93139880,-295.6,0.0001,UTC+8,"[-0.004, 0.0715, 0.0967, 0.0862, 0.2169, 1.0793]","[0.0089, -0.009, -0.004]"
1730290500146,BTC_USDT,72070.0,-0.0042,72071.6,72062.5,953183987,6894300743.99928,79268.7,64856.2,70903.1,73659.2,72061.3,72061.4,93575714,-305.6,0.0001,UTC+8,"[-0.0042, 0.0714, 0.0966, 0.0861, 0.2168, 1.079]","[0.0088, -0.0092, -0.0042]"
1730290502100,BTC_USDT,72080.1,-0.004,72085.9,72082.3,953221808,6894573347.99277,79290.5,64874.0,70903.1,73659.2,72078.3,72078.4,93109306,-295.5,0.0001,UTC+8,"[-0.004, 0.0715, 0.0967, 0.0862, 0.2169, 1.0793]","[0.0089, -0.009, -0.004]"
1730290505093,BTC_USDT,72050.0,-0.0044,72057.7,72047.8,953269413,6894916416.25533,79252.5,64843.0,70903.1,73659.2,72050.0,72050.1,93224008,-325.6,0.0001,UTC+8,"[-0.0044, 0.0711, 0.0963, 0.0858, 0.2164, 1.0785]","[0.0085, -0.0094, -0.0044]"
1730290507094,BTC_USDT,72060.7,-0.0043,72051,72047.4,953284358,6895024099.25727,79252.1,64842.6,70903.1,73659.2,72060.7,72060.8,93151657,-314.9,0.0001,UTC+8,"[-0.0043, 0.0712, 0.0964, 0.0859, 0.2166, 1.0788]","[0.0086, -0.0093, -0.0043]"
1730290509097,BTC_USDT,72060.6,-0.0043,72055.4,72047.4,953296279,6895109996.69011,79252.1,64842.6,70903.1,73659.2,72060.6,72060.7,93620209,-315.0,0.0001,UTC+8,"[-0.0043, 0.0712, 0.0964, 0.0859, 0.2166, 1.0788]","[0.0086, -0.0093, -0.0043]"
1730290511095,BTC_USDT,72058.8,-0.0043,72058.9,72048.4,953344142,6895454915.61026,79253.2,64843.5,70903.1,73659.2,72058.8,72058.9,93631353,-316.8,0.0001,UTC+8,"[-0.0043, 0.0712, 0.0964, 0.0859, 0.2166, 1.0787]","[0.0086, -0.0093, -0.0043]"
1730290514096,BTC_USDT,72055.4,-0.0044,72056,72046.3,953355534,6895537004.57103,79250.9,64841.6,70903.1,73659.2,72055.4,72055.5,93642583,-320.2,0.0001,UTC+8,"[-0.0044, 0.0711, 0.0963, 0.0859, 0.2165, 1.0786]","[0.0086, -0.0094, -0.0044]"
1730290516097,BTC_USDT,72057.7,-0.0043,72057.7,72046.6,953356406,6895543288.69484,79251.2,64841.9,70903.1,73659.2,72057.7,72057.8,93175929,-317.9,0.0001,UTC+8,"[-0.0043, 0.0712, 0.0964, 0.0859, 0.2166, 1.0787]","[0.0086, -0.0093, -0.0043]"
1730290518099,BTC_USDT,72054.6,-0.0044,72054.7,72044.8,953374720,6895675252.66527,79249.2,64840.3,70903.1,73659.2,72054.1,72054.2,93392817,-321.0,0.0001,UTC+8,"[-0.0044, 0.0711, 0.0963, 0.0859, 0.2165, 1.0786]","[0.0086, -0.0094, -0.0044]"
1730290520086,BTC_USDT,72025.6,-0.0048,72029.2,72025.6,953446041,6896189011.78599,79228.1,64823.0,70903.1,73659.2,72025.6,72025.7,92965165,-350.0,0.0001,UTC+8,"[-0.0048, 0.0707, 0.0959, 0.0854, 0.216, 1.0777]","[0.0081, -0.0098, -0.0048]"
1730290523099,BTC_USDT,72022.1,-0.0048,72022.1,72016.3,953485087,6896470226.19986,79217.9,64814.6,70903.1,73659.2,72022.1,72022.2,93458475,-353.5,0.0001,UTC+8,"[-0.0048, 0.0706, 0.0958, 0.0854, 0.216, 1.0776]","[0.0081, -0.0098, -0.0048]"
1730290525093,BTC_USDT,72022.9,-0.0048,72022.1,72016.3,953495009,6896541684.38236,79217.9,64814.6,70903.1,73659.2,72026.0,72026.1,93072033,-352.7,0.0001,UTC+8,"[-0.0048, 0.0707, 0.0959, 0.0854, 0.216, 1.0777]","[0.0081, -0.0098, -0.0048]"
1730290527104,BTC_USDT,72026.0,-0.0048,72026,72016.5,953514860,6896684665.29631,79218.1,64814.8,70903.1,73659.2,72026.0,72026.1,93074143,-349.6,0.0001,UTC+8,"[-0.0048, 0.0707, 0.0959, 0.0854, 0.216, 1.0778]","[0.0082, -0.0098, -0.0048]"
1730290529100,BTC_USDT,72022.1,-0.0048,72022.1,72014.1,953517734,6896705362.47026,79215.5,64812.6,70903.1,73659.2,72018.0,72018.1,93006126,-353.5,0.0001,UTC+8,"[-0.0048, 0.0706, 0.0958, 0.0854, 0.216, 1.0776]","[0.0081, -0.0098, -0.0048]"
1730290531097,BTC_USDT,71988.6,-0.0053,72001.9,71988.3,953670556,6897805675.50911,79187.1,64789.4,70903.1,73659.2,71987.3,71987.4,93152938,-387.0,0.0001,UTC+8,"[-0.0053, 0.0701, 0.0953, 0.0849, 0.2154, 1.0767]","[0.0076, -0.0103, -0.0053]"
1730290534098,BTC_USDT,71974.8,-0.0055,71980,71968.5,953763529,6898474891.94235,79165.3,64771.6,70903.1,73659.2,71974.7,71974.8,93215191,-400.8,0.0001,UTC+8,"[-0.0055, 0.0699, 0.0951, 0.0847, 0.2152, 1.0763]","[0.0074, -0.0105, -0.0055]"
1730290536086,BTC_USDT,71956.3,-0.0057,71960,71950.5,953869850,6899240005.26801,79145.5,64755.4,70903.1,73659.2,71956.2,71956.3,93483204,-419.3,0.0001,UTC+8,"[-0.0057, 0.0697, 0.0948, 0.0844, 0.2149, 1.0757]","[0.0072, -0.0107, -0.0057]"
1730290538092,BTC_USDT,71951.2,-0.0058,71946.6,71933.0,953891550,6899396152.42876,79126.3,64739.7,70903.1,73659.2,71950.0,71950.1,92861779,-424.4,0.0001,UTC+8,"[-0.0058, 0.0696, 0.0948, 0.0843, 0.2148, 1.0756]","[0.0071, -0.0108, -0.0058]"
1730290540096,BTC_USDT,71978.5,-0.0054,71963.6,71960.1,953995453,6900143901.38974,79156.1,64764.0,70903.1,73659.2,71978.5,71978.6,93025396,-397.1,0.0001,UTC+8,"[-0.0054, 0.07, 0.0952, 0.0847, 0.2152, 1.0764]","[0.0075, -0.0104, -0.0054]"
1730290542098,BTC_USDT,71978.9,-0.0054,71977.5,71963.9,954008229,6900235864.16863,79160.2,64767.5,70903.1,73659.2,71978.8,71978.9,93047247,-396.7,0.0001,UTC+8,"[-0.0054, 0.07, 0.0952, 0.0847, 0.2152, 1.0764]","[0.0075, -0.0104, -0.0054]"
1730290545092,BTC_USDT,71978.9,-0.0054,71977.5,71963.9,954024458,6900352675.17435,79160.2,64767.5,70903.1,73659.2,71979.8,71979.9,93476170,-396.7,0.0001,UTC+8,"[-0.0054, 0.07, 0.0952, 0.0847, 0.2152, 1.0764]","[0.0075, -0.0104, -0.0054]"
1730290547095,BTC_USDT,71989.3,-0.0053,71983.6,71972.4,954083466,6900777408.42976,79169.6,64775.1,70903.1,73659.2,71990.7,71990.8,93035959,-386.3,0.0001,UTC+8,"[-0.0053, 0.0702, 0.0953, 0.0849, 0.2154, 1.0767]","[0.0076, -0.0103, -0.0053]"
1730290549096,BTC_USDT,71997.6,-0.0052,71990.7,71983.2,954120457,6901043739.40403,79181.5,64784.8,70903.1,73659.2,71997.5,71997.6,93117703,-378.0,0.0001,UTC+8,"[-0.0052, 0.0703, 0.0955, 0.085, 0.2156, 1.0769]","[0.0078, -0.0101, -0.0052]"
1730290551103,BTC_USDT,72003.9,-0.0051,71997.6,71993.9,954200805,6901622262.37497,79193.2,64794.5,70903.1,73659.2,72003.9,72004.0,93165601,-371.7,0.0001,UTC+8,"[-0.0051, 0.0704, 0.0956, 0.0851, 0.2157, 1.0771]","[0.0078, -0.0101, -0.0051]"
1730290554098,BTC_USDT,72000.0,-0.0051,72000,71993.5,954235107,6901869244.74327,79192.8,64794.1,70903.1,73659.2,72003.9,72004.0,93644893,-375.6,0.0001,UTC+8,"[-0.0051, 0.0703, 0.0955, 0.085, 0.2156, 1.077]","[0.0078, -0.0101, -0.0051]"
1730290556093,BTC_USDT,72004.0,-0.0051,72004,71993.8,954305472,6902375898.57818,79193.1,64794.4,70903.1,73659.2,72003.9,72004.0,93806263,-371.6,0.0001,UTC+8,"[-0.0051, 0.0704, 0.0956, 0.0851, 0.2157, 1.0771]","[0.0078, -0.0101, -0.0051]"
1730290558094,BTC_USDT,71993.8,-0.0052,71998.2,71990.4,954359473,6902764723.69566,79189.4,64791.3,70903.1,73659.2,71993.7,71993.8,93407694,-381.8,0.0001,UTC+8,"[-0.0052, 0.0702, 0.0954, 0.0849, 0.2155, 1.0768]","[0.0077, -0.0102, -0.0052]"
1730290560107,BTC_USDT,72003.8,-0.0051,72003.7,71990.6,954371009,6902847787.52654,79189.6,64791.5,70903.1,73659.2,72003.7,72003.8,93015049,-371.8,0.0001,UTC+8,"[-0.0051, 0.0704, 0.0956, 0.0851, 0.2157, 1.0771]","[0.0078, -0.0101, -0.0051]"
1730290563094,BTC_USDT,72003.9,-0.0051,72000.1,71990.6,954392086,6902999549.99652,79189.6,64791.5,70903.1,73659.2,72003.9,72004.0,93054032,-371.7,0.0001,UTC+8,"[-0.0051, 0.0704, 0.0956, 0.0851, 0.2157, 1.0771]","[0.0078, -0.0101, -0.0051]"
1730290565100,BTC_USDT,71997.7,-0.0052,71997.7,71990.4,954401308,6903065943.61224,79189.4,64791.3,70903.1,73659.2,71997.6,71997.7,93542883,-377.9,0.0001,UTC+8,"[-0.0052, 0.0703, 0.0955, 0.085, 0.2156, 1.0769]","[0.0078, -0.0101, -0.0052]"
1730290567100,BTC_USDT,71995.1,-0.0052,71995.1,71990.4,954413363,6903152737.35579,79189.4,64791.3,70903.1,73659.2,71995.1,71995.2,93175862,-380.5,0.0001,UTC+8,"[-0.0052, 0.0702, 0.0954, 0.085, 0.2155, 1.0769]","[0.0077, -0.0102, -0.0052]"
1730290569091,BTC_USDT,71999.8,-0.0051,71995.2,71990.6,954438676,6903334984.29138,79189.6,64791.5,70903.1,73659.2,71999.8,71999.9,93114829,-375.8,0.0001,UTC+8,"[-0.0051, 0.0703, 0.0955, 0.085, 0.2156, 1.077]","[0.0078, -0.0101, -0.0051]"
1730290571091,BTC_USDT,71997.6,-0.0052,71997.6,71990.4,954509665,6903846105.9783,79189.4,64791.3,70903.1,73659.2,71997.5,71997.6,93262919,-378.0,0.0001,UTC+8,"[-0.0052, 0.0703, 0.0955, 0.085, 0.2156, 1.0769]","[0.0078, -0.0101, -0.0052]"
1730290574096,BTC_USDT,71990.4,-0.0053,71986.8,71982.5,954542511,6904082561.67806,79180.7,64784.2,70903.1,73659.2,71990.4,71990.5,93744966,-385.2,0.0001,UTC+8,"[-0.0053, 0.0702, 0.0954, 0.0849, 0.2154, 1.0767]","[0.0077, -0.0102, -0.0053]"
1730290576092,BTC_USDT,71990.5,-0.0053,71990.4,71982.5,954543389,6904088885.31974,79180.7,64784.2,70903.1,73659.2,71990.4,71990.5,93352397,-385.1,0.0001,UTC+8,"[-0.0053, 0.0702, 0.0954, 0.0849, 0.2154, 1.0767]","[0.0077, -0.0102, -0.0053]"
1730290578094,BTC_USDT,72008.6,-0.005,71997.2,71988.9,954556281,6904181696.63139,79187.7,64790.0,70903.1,73659.2,72013.1,72013.2,93381239,-367.0,0.0001,UTC+8,"[-0.005, 0.0704, 0.0956, 0.0852, 0.2157, 1.0773]","[0.0079, -0.01, -0.005]"
1730290580102,BTC_USDT,72026.7,-0.0048,72026.4,72019.3,954576732,6904329005.55007,79221.2,64817.3,70903.1,73659.2,72026.6,72026.7,93394963,-348.9,0.0001,UTC+8,"[-0.0048, 0.0707, 0.0959, 0.0854, 0.216, 1.0778]","[0.0082, -0.0097, -0.0048]"
1730290582101,BTC_USDT,72026.6,-0.0048,72026.7,72019.1,954586248,6904397543.96076,79221.0,64817.1,70903.1,73659.2,72026.6,72026.7,93088669,-349.0,0.0001,UTC+8,"[-0.0048, 0.0707, 0.0959, 0.0854, 0.216, 1.0778]","[0.0082, -0.0098, -0.0048]"
1730290585105,BTC_USDT,72036.4,-0.0046,72026.6,72019.3,954616417,6904614845.1662,79221.2,64817.3,70903.1,73659.2,72036.3,72036.4,93047179,-339.2,0.0001,UTC+8,"[-0.0046, 0.0709, 0.0961, 0.0856, 0.2162, 1.0781]","[0.0083, -0.0096, -0.0046]"
1730290587099,BTC_USDT,72044.7,-0.0045,72038,72030.6,954629290,6904707586.65181,79233.6,64827.5,70903.1,73659.2,72044.6,72044.7,93517773,-330.9,0.0001,UTC+8,"[-0.0045, 0.071, 0.0962, 0.0857, 0.2163, 1.0783]","[0.0084, -0.0095, -0.0045]"
1730290589098,BTC_USDT,72045.3,-0.0045,72045.3,72034.1,954652995,6904878371.89457,79237.5,64830.6,70903.1,73659.2,72045.2,72045.3,93557930,-330.3,0.0001,UTC+8,"[-0.0045, 0.071, 0.0962, 0.0857, 0.2164, 1.0783]","[0.0084, -0.0095, -0.0045]"
1730290591097,BTC_USDT,72030.2,-0.0047,72040.1,72027.9,954660402,6904931724.70365,79230.6,64825.1,70903.1,73659.2,72030.1,72030.2,93569220,-345.4,0.0001,UTC+8,"[-0.0047, 0.0708, 0.096, 0.0855, 0.2161, 1.0779]","[0.0082, -0.0097, -0.0047]"
1730290594097,BTC_USDT,72012.0,-0.005,72012.6,72009.0,954671438,6905011215.57318,79209.9,64808.1,70903.1,73659.2,72012.0,72012.1,93118564,-363.6,0.0001,UTC+8,"[-0.005, 0.0705, 0.0957, 0.0852, 0.2158, 1.0774]","[0.008, -0.01, -0.005]"
1730290596093,BTC_USDT,72017.3,-0.0049,72017.4,72009.4,954686259,6905117946.7757,79210.3,64808.4,70903.1,73659.2,72017.3,72017.4,93618836,-358.3,0.0001,UTC+8,"[-0.0049, 0.0706, 0.0958, 0.0853, 0.2159, 1.0775]","[0.008, -0.0099, -0.0049]"
1730290598100,BTC_USDT,72017.3,-0.0049,72017.4,72009.4,954696591,6905192348.62449,79210.3,64808.4,70903.1,73659.2,72017.3,72017.4,93632794,-358.3,0.0001,UTC+8,"[-0.0049, 0.0706, 0.0958, 0.0853, 0.2159, 1.0775]","[0.008, -0.0099, -0.0049]"
1730290600092,BTC_USDT,72017.4,-0.0049,72017.4,72009.3,954698073,6905203023.75403,79210.2,64808.3,70903.1,73659.2,72017.3,72017.4,93241041,-358.2,0.0001,UTC+8,"[-0.0049, 0.0706, 0.0958, 0.0853, 0.2159, 1.0775]","[0.008, -0.0099, -0.0049]"
1730290602096,BTC_USDT,72037.7,-0.0046,72026.6,72023.0,954707247,6905269098.31246,79225.3,64820.7,70903.1,73659.2,72037.7,72037.8,93167241,-337.9,0.0001,UTC+8,"[-0.0046, 0.0709, 0.0961, 0.0856, 0.2162, 1.0781]","[0.0083, -0.0096, -0.0046]"
1730290605092,BTC_USDT,72043.8,-0.0045,72043.8,72036.6,954727841,6905417460.60428,79240.2,64832.9,70903.1,73659.2,72043.7,72043.8,93598395,-331.8,0.0001,UTC+8,"[-0.0045, 0.071, 0.0962, 0.0857, 0.2163, 1.0783]","[0.0084, -0.0095, -0.0045]"
1730290607103,BTC_USDT,72045.1,-0.0045,72045,72037.2,954730392,6905435836.40129,79240.9,64833.4,70903.1,73659.2,72045.0,72045.1,93142012,-330.5,0.0001,UTC+8,"[-0.0045, 0.071, 0.0962, 0.0857, 0.2164, 1.0783]","[0.0084, -0.0095, -0.0045]"
1730290609095,BTC_USDT,72051.5,-0.0044,72047.3,72040.6,954738054,6905491036.13817,79244.6,64836.5,70903.1,73659.2,72051.5,72051.6,93617846,-324.1,0.0001,UTC+8,"[-0.0044, 0.0711, 0.0963, 0.0858, 0.2165, 1.0785]","[0.0085, -0.0094, -0.0044]"
1730290611099,BTC_USDT,72052.2,-0.0044,72051.5,72041.1,954745536,6905544949.57035,79245.2,64836.9,70903.1,73659.2,72052.1,72052.2,93622583,-323.4,0.0001,UTC+8,"[-0.0044, 0.0711, 0.0963, 0.0858, 0.2165, 1.0785]","[0.0085, -0.0094, -0.0044]"
1730290613103,BTC_USDT,72052.1,-0.0044,72052.1,72041.1,954753845,6905604816.29665,79245.2,64836.9,70903.1,73659.2,72052.1,72052.2,93172313,-323.5,0.0001,UTC+8,"[-0.0044, 0.0711, 0.0963, 0.0858, 0.2165, 1.0785]","[0.0085, -0.0094, -0.0044]"
1730290616098,BTC_USDT,72044.5,-0.0045,72044.5,72038.9,954793288,6905888992.23031,79242.7,64835.0,70903.1,73659.2,72044.4,72044.5,93721828,-331.1,0.0001,UTC+8,"[-0.0045, 0.071, 0.0962, 0.0857, 0.2163, 1.0783]","[0.0084, -0.0095, -0.0045]"
1730290618094,BTC_USDT,72040.0,-0.0046,72044.4,72038.6,954796422,6905911568.92299,79242.4,64834.7,70903.1,73659.2,72039.5,72039.6,93258317,-335.6,0.0001,UTC+8,"[-0.0046, 0.0709, 0.0961, 0.0856, 0.2163, 1.0782]","[0.0083, -0.0096, -0.0046]"
1730290620098,BTC_USDT,72039.6,-0.0046,72039.6,72030.6,954796599,6905912839.70152,79233.6,64827.5,70903.1,73659.2,72037.0,72037.1,93727004,-336.0,0.0001,UTC+8,"[-0.0046, 0.0709, 0.0961, 0.0856, 0.2163, 1.0782]","[0.0083, -0.0096, -0.0046]"
1730290622092,BTC_USDT,72033.7,-0.0047,72030,72018.7,954796630,6905913066.6097,79220.5,64816.8,70903.1,73659.2,72023.4,72023.5,93258620,-341.9,0.0001,UTC+8,"[-0.0047, 0.0708, 0.096, 0.0855, 0.2162, 1.078]","[0.0083, -0.0097, -0.0047]"
1730290625096,BTC_USDT,72037.0,-0.0046,72037.1,72030.0,954822037,6906096088.29774,79233.0,64827.0,70903.1,73659.2,72037.0,72037.1,93312066,-338.6,0.0001,UTC+8,"[-0.0046, 0.0709, 0.0961, 0.0856, 0.2162, 1.0781]","[0.0083, -0.0096, -0.0046]"
1730290627088,BTC_USDT,72055.0,-0.0044,72047.9,72044.3,954824713,6906115364.7774,79248.7,64839.8,70903.1,73659.2,72054.9,72055.0,93785273,-320.6,0.0001,UTC+8,"[-0.0044, 0.0711, 0.0963, 0.0859, 0.2165, 1.0786]","[0.0086, -0.0094, -0.0044]"
1730290629091,BTC_USDT,72054.9,-0.0044,72054.9,72045.3,954828738,6906144371.94648,79249.8,64840.7,70903.1,73659.2,72054.9,72055.0,93791308,-320.7,0.0001,UTC+8,"[-0.0044, 0.0711, 0.0963, 0.0859, 0.2165, 1.0786]","[0.0086, -0.0094, -0.0044]"
1730290631096,BTC_USDT,72053.5,-0.0044,72055,72045.1,954829534,6906150104.62712,79249.6,64840.5,70903.1,73659.2,72050.7,72050.8,93398799,-322.1,0.0001,UTC+8,"[-0.0044, 0.0711, 0.0963, 0.0858, 0.2165, 1.0786]","[0.0085, -0.0094, -0.0044]"
1730290633093,BTC_USDT,72029.4,-0.0047,72029.3,72021.4,954885300,6906551850.41467,79223.5,64819.2,70903.1,73659.2,72029.3,72029.4,93444036,-346.2,0.0001,UTC+8,"[-0.0047, 0.0708, 0.096, 0.0855, 0.2161, 1.0779]","[0.0082, -0.0097, -0.0047]"
1730290636099,BTC_USDT,72042.6,-0.0046,72042.6,72034.4,954887477,6906567533.27173,79237.8,64830.9,70903.1,73659.2,72042.6,72042.7,93520995,-333.0,0.0001,UTC+8,"[-0.0046, 0.0709, 0.0962, 0.0857, 0.2163, 1.0782]","[0.0084, -0.0095, -0.0046]"
1730290638100,BTC_USDT,72045.3,-0.0045,72045.4,72036.4,955582677,6911575959.56095,79240.0,64832.7,70903.1,73659.2,72045.3,72045.4,95498749,-330.3,0.0001,UTC+8,"[-0.0045, 0.071, 0.0962, 0.0857, 0.2164, 1.0783]","[0.0084, -0.0095, -0.0045]"
1730290640105,BTC_USDT,72045.3,-0.0045,72045.4,72039.7,955589287,6911623578.67341,79243.6,64835.7,70903.1,73659.2,72045.3,72045.4,95118895,-330.3,0.0001,UTC+8,"[-0.0045, 0.071, 0.0962, 0.0857, 0.2164, 1.0783]","[0.0084, -0.0095, -0.0045]"
1730290642105,BTC_USDT,72054.9,-0.0044,72048.2,72044.6,955591479,6911639374.18358,79249.0,64840.1,70903.1,73659.2,72054.9,72055.0,95518134,-320.7,0.0001,UTC+8,"[-0.0044, 0.0711, 0.0963, 0.0859, 0.2165, 1.0786]","[0.0086, -0.0094, -0.0044]"
1730290644103,BTC_USDT,72066.0,-0.0042,72065.9,72056.0,955598434,6911689483.53747,79261.6,64850.4,70903.1,73659.2,72065.9,72066.0,93384863,-309.6,0.0001,UTC+8,"[-0.0042, 0.0713, 0.0965, 0.086, 0.2167, 1.0789]","[0.0087, -0.0092, -0.0042]"
1730290647106,BTC_USDT,72068.4,-0.0042,72071.7,72061.0,955614660,6911806428.43048,79267.1,64854.9,70903.1,73659.2,72066.0,72066.1,93871728,-307.2,0.0001,UTC+8,"[-0.0042, 0.0713, 0.0965, 0.0861, 0.2167, 1.079]","[0.0087, -0.0092, -0.0042]"
1730290649091,BTC_USDT,72063.1,-0.0043,72063.1,72053.3,955643744,6912016025.04991,79258.6,64847.9,70903.1,73659.2,72062.2,72062.3,93494077,-312.5,0.0001,UTC+8,"[-0.0043, 0.0713, 0.0965, 0.086, 0.2167, 1.0788]","[0.0087, -0.0092, -0.0043]"
1730290651094,BTC_USDT,72055.3,-0.0044,72058.9,72048.3,955652766,6912081036.57218,79253.1,64843.4,70903.1,73659.2,72055.2,72055.3,93904386,-320.3,0.0001,UTC+8,"[-0.0044, 0.0711, 0.0963, 0.0859, 0.2165, 1.0786]","[0.0086, -0.0094, -0.0044]"
1730290653102,BTC_USDT,72053.0,-0.0044,72053,72042.9,955654557,6912093941.59716,79247.1,64838.6,70903.1,73659.2,72053.0,72053.1,93440051,-322.6,0.0001,UTC+8,"[-0.0044, 0.0711, 0.0963, 0.0858, 0.2165, 1.0785]","[0.0085, -0.0094, -0.0044]"
1730290656092,BTC_USDT,72055.1,-0.0044,72053.8,72043.3,955668742,6912196148.27756,79247.6,64838.9,70903.1,73659.2,72055.1,72055.2,93471631,-320.5,0.0001,UTC+8,"[-0.0044, 0.0711, 0.0963, 0.0859, 0.2165, 1.0786]","[0.0086, -0.0094, -0.0044]"
1730290658098,BTC_USDT,72055.9,-0.0044,72053.9,72043.4,955674034,6912234279.86877,79247.7,64839.0,70903.1,73659.2,72059.1,72059.2,93477513,-319.7,0.0001,UTC+8,"[-0.0044, 0.0711, 0.0964, 0.0859, 0.2165, 1.0786]","[0.0086, -0.0093, -0.0044]"
1730290660105,BTC_USDT,72059.2,-0.0043,72055.9,72049.8,955674557,6912238047.8443,79254.7,64844.8,70903.1,73659.2,72059.1,72059.2,93947084,-316.4,0.0001,UTC+8,"[-0.0043, 0.0712, 0.0964, 0.0859, 0.2166, 1.0787]","[0.0086, -0.0093, -0.0043]"
1730290662097,BTC_USDT,72062.4,-0.0043,72062.3,72052.0,955675750,6912246647.76551,79257.2,64846.8,70903.1,73659.2,72062.3,72062.4,93949753,-313.2,0.0001,UTC+8,"[-0.0043, 0.0712, 0.0965, 0.086, 0.2166, 1.0788]","[0.0087, -0.0093, -0.0043]"
1730290664112,BTC_USDT,72063.1,-0.0043,72062.4,72054.2,955676884,6912254819.68434,79259.6,64848.7,70903.1,73659.2,72069.8,72069.9,93489218,-312.5,0.0001,UTC+8,"[-0.0043, 0.0713, 0.0965, 0.086, 0.2167, 1.0788]","[0.0087, -0.0092, -0.0043]"
1730290667098,BTC_USDT,72050.2,-0.0044,72050.2,72042.6,955699265,6912416109.26358,79246.8,64838.3,70903.1,73659.2,72047.0,72047.1,93915758,-325.4,0.0001,UTC+8,"[-0.0044, 0.0711, 0.0963, 0.0858, 0.2164, 1.0785]","[0.0085, -0.0094, -0.0044]"
1730290669093,BTC_USDT,72047.0,-0.0045,72047,72040.3,955699659,6912418949.35733,79244.3,64836.2,70903.1,73659.2,72047.0,72047.1,93522111,-328.6,0.0001,UTC+8,"[-0.0045, 0.071, 0.0962, 0.0857, 0.2164, 1.0784]","[0.0084, -0.0095, -0.0045]"
1730290671092,BTC_USDT,72035.5,-0.0046,72047,72025.7,955710974,6912500461.76826,79228.2,64823.1,70903.1,73659.2,72035.4,72035.5,93473704,-340.1,0.0001,UTC+8,"[-0.0046, 0.0708, 0.096, 0.0856, 0.2162, 1.078]","[0.0083, -0.0096, -0.0046]"
1730290673096,BTC_USDT,72034.0,-0.0047,72035.4,72025.1,955711669,6912505466.72614,79227.6,64822.5,70903.1,73659.2,72031.3,72031.4,93477302,-341.6,0.0001,UTC+8,"[-0.0047, 0.0708, 0.096, 0.0855, 0.2162, 1.078]","[0.0083, -0.0096, -0.0047]"
1730290676101,BTC_USDT,72040.7,-0.0046,72031.3,72025.1,955725868,6912607746.52163,79227.6,64822.5,70903.1,73659.2,72040.6,72040.7,93974201,-334.9,0.0001,UTC+8,"[-0.0046, 0.0709, 0.0961, 0.0856, 0.2163, 1.0782]","[0.0084, -0.0096, -0.0046]"
1730290678103,BTC_USDT,72044.7,-0.0045,72040.6,72031.7,955731690,6912649684.56549,79234.8,64828.5,70903.1,73659.2,72044.7,72044.8,93590868,-330.9,0.0001,UTC+8,"[-0.0045, 0.071, 0.0962, 0.0857, 0.2163, 1.0783]","[0.0084, -0.0095, -0.0045]"
1730290680100,BTC_USDT,72044.7,-0.0045,72042.3,72031.9,955736864,6912686961.23305,79235.0,64828.7,70903.1,73659.2,72046.9,72047.0,93519275,-330.9,0.0001,UTC+8,"[-0.0045, 0.071, 0.0962, 0.0857, 0.2163, 1.0783]","[0.0084, -0.0095, -0.0045]"
1730290682093,BTC_USDT,72050.0,-0.0044,72044.7,72038.4,955739706,6912707438.55054,79242.2,64834.5,70903.1,73659.2,72049.9,72050.0,93947715,-325.6,0.0001,UTC+8,"[-0.0044, 0.0711, 0.0963, 0.0858, 0.2164, 1.0785]","[0.0085, -0.0094, -0.0044]"
1730290684097,BTC_USDT,72044.9,-0.0045,72049.9,72040.5,955741659,6912721510.36489,79244.5,64836.4,70903.1,73659.2,72043.5,72043.6,93485610,-330.7,0.0001,UTC+8,"[-0.0045, 0.071, 0.0962, 0.0857, 0.2164, 1.0783]","[0.0084, -0.0095, -0.0045]"
1730290687102,BTC_USDT,72033.6,-0.0047,72033.6,72027.4,955755293,6912819728.00669,79230.1,64824.6,70903.1,73659.2,72033.6,72033.7,93510877,-342.0,0.0001,UTC+8,"[-0.0047, 0.0708, 0.096, 0.0855, 0.2162, 1.078]","[0.0083, -0.0097, -0.0047]"
1730290689094,BTC_USDT,72061.1,-0.0043,72035.5,72029.1,955766803,6912902646.77131,79232.0,64826.1,70903.1,73659.2,72061.1,72061.2,93536387,-314.5,0.0001,UTC+8,"[-0.0043, 0.0712, 0.0964, 0.086, 0.2166, 1.0788]","[0.0086, -0.0093, -0.0043]"
1730290691084,BTC_USDT,72068.9,-0.0042,72064.1,72060.5,955768609,6912915663.87263,79266.5,64854.4,70903.1,73659.2,72068.8,72068.9,93540491,-306.7,0.0001,UTC+8,"[-0.0042, 0.0713, 0.0966, 0.0861, 0.2168, 1.079]","[0.0088, -0.0092, -0.0042]"
1730290693099,BTC_USDT,72059.5,-0.0043,72068.9,72059.5,955771244,6912934648.21201,79265.4,64853.5,70903.1,73659.2,72059.5,72059.6,93544091,-316.1,0.0001,UTC+8,"[-0.0043, 0.0712, 0.0964, 0.0859, 0.2166, 1.0787]","[0.0086, -0.0093, -0.0043]"
1730290696126,BTC_USDT,72068.9,-0.0042,72061.9,72058.3,955781937,6913011708.87382,79264.1,64852.4,70903.1,73659.2,72068.8,72068.9,93559084,-306.7,0.0001,UTC+8,"[-0.0042, 0.0713, 0.0966, 0.0861, 0.2168, 1.079]","[0.0088, -0.0092, -0.0042]"
1730290698097,BTC_USDT,72065.3,-0.0042,72070,72060.3,955790961,6913076741.25754,79266.3,64854.2,70903.1,73659.2,72063.9,72065.3,93591811,-310.3,0.0001,UTC+8,"[-0.0042, 0.0713, 0.0965, 0.086, 0.2167, 1.0789]","[0.0087, -0.0092, -0.0042]"
1730290700105,BTC_USDT,72062.4,-0.0043,72062.4,72056.1,955793201,6913092883.97779,79261.7,64850.4,70903.1,73659.2,72062.4,72062.5,93986542,-313.2,0.0001,UTC+8,"[-0.0043, 0.0712, 0.0965, 0.086, 0.2166, 1.0788]","[0.0087, -0.0093, -0.0043]"
1730290702109,BTC_USDT,72060.3,-0.0043,72061.5,72053.8,955824215,6913316376.29106,79259.1,64848.4,70903.1,73659.2,72060.2,72060.3,93587120,-315.3,0.0001,UTC+8,"[-0.0043, 0.0712, 0.0964, 0.0859, 0.2166, 1.0787]","[0.0086, -0.0093, -0.0043]"
1730290704102,BTC_USDT,72054.2,-0.0044,72060.3,72051.3,955826103,6913329981.66655,79256.4,64846.1,70903.1,73659.2,72054.1,72054.2,93587485,-321.4,0.0001,UTC+8,"[-0.0044, 0.0711, 0.0963, 0.0858, 0.2165, 1.0786]","[0.0085, -0.0094, -0.0044]"
1730290707102,BTC_USDT,72044.6,-0.0045,72044.6,72039.3,955830777,6913363653.66098,79243.2,64835.3,70903.1,73659.2,72044.5,72044.6,93671500,-331.0,0.0001,UTC+8,"[-0.0045, 0.071, 0.0962, 0.0857, 0.2163, 1.0783]","[0.0084, -0.0095, -0.0045]"
1730290709100,BTC_USDT,72040.0,-0.0046,72048.5,72038.6,955833870,6913385940.0464,79242.4,64834.7,70903.1,73659.2,72040.0,72040.1,93676219,-335.6,0.0001,UTC+8,"[-0.0046, 0.0709, 0.0961, 0.0856, 0.2163, 1.0782]","[0.0083, -0.0096, -0.0046]"
1730290711097,BTC_USDT,72040.0,-0.0046,72040,72031.0,955887547,6913772628.46,79234.1,64827.9,70903.1,73659.2,72040.0,72040.1,94076427,-335.6,0.0001,UTC+8,"[-0.0046, 0.0709, 0.0961, 0.0856, 0.2163, 1.0782]","[0.0083, -0.0096, -0.0046]"
1730290713101,BTC_USDT,72042.1,-0.0046,72041,72031.2,955889883,6913789454.28705,79234.3,64828.0,70903.1,73659.2,72040.0,72040.1,94081720,-333.5,0.0001,UTC+8,"[-0.0046, 0.0709, 0.0961, 0.0857, 0.2163, 1.0782]","[0.0084, -0.0095, -0.0046]"
1730290716092,BTC_USDT,72031.3,-0.0047,72036,72026.5,955890722,6913795503.09319,79229.1,64823.8,70903.1,73659.2,72031.3,72031.4,93614781,-344.3,0.0001,UTC+8,"[-0.0047, 0.0708, 0.096, 0.0855, 0.2161, 1.0779]","[0.0082, -0.0097, -0.0047]"
1730290718094,BTC_USDT,72031.3,-0.0047,72031.3,72025.6,955906963,6913912485.52603,79228.1,64823.0,70903.1,73659.2,72031.3,72031.4,93515954,-344.3,0.0001,UTC+8,"[-0.0047, 0.0708, 0.096, 0.0855, 0.2161, 1.0779]","[0.0082, -0.0097, -0.0047]"
1730290720094,BTC_USDT,72040.2,-0.0046,72035.7,72026.0,955911449,6913944804.72512,79228.6,64823.4,70903.1,73659.2,72040.1,72040.2,93912449,-335.4,0.0001,UTC+8,"[-0.0046, 0.0709, 0.0961, 0.0856, 0.2163, 1.0782]","[0.0084, -0.0096, -0.0046]"
1730290722106,BTC_USDT,72040.2,-0.0046,72035.4,72025.7,955916308,6913979809.73038,79228.2,64823.1,70903.1,73659.2,72033.0,72033.1,93454133,-335.4,0.0001,UTC+8,"[-0.0046, 0.0709, 0.0961, 0.0856, 0.2163, 1.0782]","[0.0084, -0.0096, -0.0046]"
1730290724099,BTC_USDT,72032.4,-0.0047,72032.3,72025.7,955919332,6914001592.33424,79228.2,64823.1,70903.1,73659.2,72032.3,72032.4,93460818,-343.2,0.0001,UTC+8,"[-0.0047, 0.0708, 0.096, 0.0855, 0.2161, 1.0779]","[0.0082, -0.0097, -0.0047]"
1730290727128,BTC_USDT,72038.0,-0.0046,72035.7,72026.1,955921165,6914014791.86484,79228.7,64823.4,70903.1,73659.2,72037.9,72038.0,93933367,-337.6,0.0001,UTC+8,"[-0.0046, 0.0709, 0.0961, 0.0856, 0.2162, 1.0781]","[0.0083, -0.0096, -0.0046]"
1730290729093,BTC_USDT,72042.7,-0.0045,72035.8,72026.2,955923647,6914032673.59089,79228.8,64823.5,70903.1,73659.2,72043.4,72043.5,93469132,-332.9,0.0001,UTC+8,"[-0.0045, 0.0709, 0.0962, 0.0857, 0.2163, 1.0782]","[0.0084, -0.0095, -0.0045]"
1730290731105,BTC_USDT,72050.6,-0.0044,72040.8,72031.2,955924578,6914039384.65618,79234.3,64828.0,70903.1,73659.2,72057.4,72057.5,93469467,-325.0,0.0001,UTC+8,"[-0.0044, 0.0711, 0.0963, 0.0858, 0.2164, 1.0785]","[0.0085, -0.0094, -0.0044]"
1730290733101,BTC_USDT,72059.2,-0.0043,72054.3,72044.6,955924997,6914042400.26267,79249.0,64840.1,70903.1,73659.2,72059.2,72059.3,93938943,-316.4,0.0001,UTC+8,"[-0.0043, 0.0712, 0.0964, 0.0859, 0.2166, 1.0787]","[0.0086, -0.0093, -0.0043]"
1730290736100,BTC_USDT,72066.0,-0.0042,72063.4,72053.7,955931437,6914088811.98436,79259.0,64848.3,70903.1,73659.2,72065.9,72066.0,93553783,-309.6,0.0001,UTC+8,"[-0.0042, 0.0713, 0.0965, 0.086, 0.2167, 1.0789]","[0.0087, -0.0092, -0.0042]"
1730290738098,BTC_USDT,72068.9,-0.0042,72063.5,72053.8,955934995,6914114450.91908,79259.1,64848.4,70903.1,73659.2,72072.9,72073.0,93953955,-306.7,0.0001,UTC+8,"[-0.0042, 0.0713, 0.0966, 0.0861, 0.2168, 1.079]","[0.0088, -0.0092, -0.0042]"
1730290740103,BTC_USDT,72076.0,-0.0041,72070.5,72060.8,955971768,6914379478.23582,79266.8,64854.7,70903.1,73659.2,72075.9,72076.0,93867132,-299.6,0.0001,UTC+8,"[-0.0041, 0.0714, 0.0967, 0.0862, 0.2169, 1.0792]","[0.0089, -0.0091, -0.0041]"
1730290742095,BTC_USDT,72062.4,-0.0043,72063.4,72053.7,955972367,6914383791.19938,79259.0,64848.3,70903.1,73659.2,72062.4,72062.5,93867370,-313.2,0.0001,UTC+8,"[-0.0043, 0.0712, 0.0965, 0.086, 0.2166, 1.0788]","[0.0087, -0.0093, -0.0043]"
1730290744097,BTC_USDT,72062.5,-0.0043,72062.4,72052.8,955988177,6914497724.15941,79258.0,64847.5,70903.1,73659.2,72062.4,72062.5,93900198,-313.1,0.0001,UTC+8,"[-0.0043, 0.0712, 0.0965, 0.086, 0.2166, 1.0788]","[0.0087, -0.0093, -0.0043]"
1730290747097,BTC_USDT,72054.3,-0.0044,72054,72044.4,955992701,6914530326.10915,79248.8,64839.9,70903.1,73659.2,72054.3,72054.4,93442077,-321.3,0.0001,UTC+8,"[-0.0044, 0.0711, 0.0963, 0.0859, 0.2165, 1.0786]","[0.0085, -0.0094, -0.0044]"
1730290749090,BTC_USDT,72054.1,-0.0044,72054,72044.4,955993436,6914535617.75567,79248.8,64839.9,70903.1,73659.2,72051.6,72051.7,93910522,-321.5,0.0001,UTC+8,"[-0.0044, 0.0711, 0.0963, 0.0858, 0.2165, 1.0786]","[0.0085, -0.0094, -0.0044]"
1730290751105,BTC_USDT,72050.0,-0.0044,72048.7,72040.9,956001296,6914592253.03878,79244.9,64836.8,70903.1,73659.2,72049.9,72050.0,93533546,-325.6,0.0001,UTC+8,"[-0.0044, 0.0711, 0.0963, 0.0858, 0.2164, 1.0785]","[0.0085, -0.0094, -0.0044]"
1730290753100,BTC_USDT,72038.4,-0.0046,72038.2,72028.7,956003314,6914606789.61126,79231.5,64825.8,70903.1,73659.2,72038.3,72038.4,93932350,-337.2,0.0001,UTC+8,"[-0.0046, 0.0709, 0.0961, 0.0856, 0.2162, 1.0781]","[0.0083, -0.0096, -0.0046]"
1730290755106,BTC_USDT,72040.4,-0.0046,72038.9,72029.4,956011869,6914668416.57669,79232.3,64826.4,70903.1,73659.2,72040.4,72040.5,93557537,-335.2,0.0001,UTC+8,"[-0.0046, 0.0709, 0.0961, 0.0856, 0.2163, 1.0782]","[0.0084, -0.0096, -0.0046]"
1730290758092,BTC_USDT,72043.1,-0.0045,72038.9,72029.4,956019962,6914726725.13799,79232.3,64826.4,70903.1,73659.2,72043.1,72043.2,93575661,-332.5,0.0001,UTC+8,"[-0.0045, 0.071, 0.0962, 0.0857, 0.2163, 1.0783]","[0.0084, -0.0095, -0.0045]"
1730290760091,BTC_USDT,72040.3,-0.0046,72040.3,72032.7,956025629,6914767544.22766,79235.9,64829.4,70903.1,73659.2,72032.2,72032.3,93509893,-335.3,0.0001,UTC+8,"[-0.0046, 0.0709, 0.0961, 0.0856, 0.2163, 1.0782]","[0.0084, -0.0096, -0.0046]"
1730290762110,BTC_USDT,72038.1,-0.0046,72035.1,72025.6,956031952,6914813093.71515,79228.1,64823.0,70903.1,73659.2,72038.0,72038.1,93594996,-337.5,0.0001,UTC+8,"[-0.0046, 0.0709, 0.0961, 0.0856, 0.2162, 1.0781]","[0.0083, -0.0096, -0.0046]"
1730290764099,BTC_USDT,72034.2,-0.0047,72038.8,72035.2,956034419,6914830865.38397,79238.7,64831.6,70903.1,73659.2,72034.1,72034.2,93936754,-341.4,0.0001,UTC+8,"[-0.0047, 0.0708, 0.096, 0.0855, 0.2162, 1.078]","[0.0083, -0.0096, -0.0047]"
1730290767096,BTC_USDT,72044.9,-0.0045,72034.4,72030.8,956035408,6914837990.30033,79233.8,64827.7,70903.1,73659.2,72044.9,72045.0,93544240,-330.7,0.0001,UTC+8,"[-0.0045, 0.071, 0.0962, 0.0857, 0.2164, 1.0783]","[0.0084, -0.0095, -0.0045]"
1730290769101,BTC_USDT,72045.0,-0.0045,72043.9,72034.5,956035470,6914838437.69977,79237.9,64831.0,70903.1,73659.2,72044.9,72045.0,93470192,-330.6,0.0001,UTC+8,"[-0.0045, 0.071, 0.0962, 0.0857, 0.2164, 1.0783]","[0.0084, -0.0095, -0.0045]"
1730290771108,BTC_USDT,72045.0,-0.0045,72043.8,72034.4,956036049,6914842606.94206,79237.8,64830.9,70903.1,73659.2,72045.9,72046.0,93471500,-330.6,0.0001,UTC+8,"[-0.0045, 0.071, 0.0962, 0.0857, 0.2164, 1.0783]","[0.0084, -0.0095, -0.0045]"
1730290773091,BTC_USDT,72052.9,-0.0044,72059.7,72051.7,956041166,6914879484.09729,79256.8,64846.5,70903.1,73659.2,72048.5,72048.6,93472652,-322.7,0.0001,UTC+8,"[-0.0044, 0.0711, 0.0963, 0.0858, 0.2165, 1.0785]","[0.0085, -0.0094, -0.0044]"
1730290776098,BTC_USDT,72046.1,-0.0045,72046.8,72039.4,956043100,6914893418.68427,79243.3,64835.4,70903.1,73659.2,72055.1,72055.2,93944972,-329.5,0.0001,UTC+8,"[-0.0045, 0.071, 0.0962, 0.0857, 0.2164, 1.0783]","[0.0084, -0.0095, -0.0045]"
1730290778104,BTC_USDT,72055.2,-0.0044,72052.1,72042.7,956044367,6914902543.00005,79246.9,64838.4,70903.1,73659.2,72055.1,72055.2,93945458,-320.4,0.0001,UTC+8,"[-0.0044, 0.0711, 0.0963, 0.0859, 0.2165, 1.0786]","[0.0086, -0.0094, -0.0044]"
1730290780096,BTC_USDT,72055.1,-0.0044,72052,72042.6,956044611,6914904306.91014,79246.8,64838.3,70903.1,73659.2,72057.8,72057.9,93945552,-320.5,0.0001,UTC+8,"[-0.0044, 0.0711, 0.0963, 0.0859, 0.2165, 1.0786]","[0.0086, -0.0094, -0.0044]"
1730290782101,BTC_USDT,72058.6,-0.0043,72054.9,72045.5,956052633,6914962110.15601,79250.0,64840.9,70903.1,73659.2,72058.6,72058.7,93495356,-317.0,0.0001,UTC+8,"[-0.0043, 0.0712, 0.0964, 0.0859, 0.2166, 1.0787]","[0.0086, -0.0093, -0.0043]"
1730290784101,BTC_USDT,72060.1,-0.0043,72055.1,72045.7,956052753,6914962972.71104,79250.2,64841.1,70903.1,73659.2,72060.1,72060.2,93495575,-315.5,0.0001,UTC+8,"[-0.0043, 0.0712, 0.0964, 0.0859, 0.2166, 1.0787]","[0.0086, -0.0093, -0.0043]"
1730290787096,BTC_USDT,72053.6,-0.0044,72053.6,72045.3,956056755,6914991812.7777,79249.8,64840.7,70903.1,73659.2,72053.5,72053.6,93504054,-322.0,0.0001,UTC+8,"[-0.0044, 0.0711, 0.0963, 0.0858, 0.2165, 1.0786]","[0.0085, -0.0094, -0.0044]"
1730290789088,BTC_USDT,72050.0,-0.0044,72048.4,72038.9,956056792,6914992078.64868,79242.7,64835.0,70903.1,73659.2,72050.0,72050.1,93504054,-325.6,0.0001,UTC+8,"[-0.0044, 0.0711, 0.0963, 0.0858, 0.2164, 1.0785]","[0.0085, -0.0094, -0.0044]"
1730290791083,BTC_USDT,72050.1,-0.0044,72050.1,72040.7,956066778,6915064024.22496,79244.7,64836.6,70903.1,73659.2,72053.5,72053.6,93526674,-325.5,0.0001,UTC+8,"[-0.0044, 0.0711, 0.0963, 0.0858, 0.2164, 1.0785]","[0.0085, -0.0094, -0.0044]"
1730290793090,BTC_USDT,72054.2,-0.0044,72052.7,72043.2,956070942,6915094029.59215,79247.5,64838.8,70903.1,73659.2,72054.1,72054.2,93995575,-321.4,0.0001,UTC+8,"[-0.0044, 0.0711, 0.0963, 0.0858, 0.2165, 1.0786]","[0.0085, -0.0094, -0.0044]"
1730290796097,BTC_USDT,72054.2,-0.0044,72052.6,72043.1,956075797,6915129015.50267,79247.4,64838.7,70903.1,73659.2,72054.1,72054.2,94006187,-321.4,0.0001,UTC+8,"[-0.0044, 0.0711, 0.0963, 0.0858, 0.2165, 1.0786]","[0.0085, -0.0094, -0.0044]"
1730290798105,BTC_USDT,72054.1,-0.0044,72049.9,72040.4,956076651,6915135163.16698,79244.4,64836.3,70903.1,73659.2,72054.1,72054.2,93537783,-321.5,0.0001,UTC+8,"[-0.0044, 0.0711, 0.0963, 0.0858, 0.2165, 1.0786]","[0.0085, -0.0094, -0.0044]"
1730290800156,BTC_USDT,72045.1,-0.0045,72046.7,72040.3,956082782,6915179342.16998,79244.3,64836.2,70903.1,73659.2,72045.0,72045.1,93503050,-330.5,0.0001,UTC+8,"[-0.0045, 0.071, 0.0962, 0.0857, 0.2164, 1.0783]","[0.0084, -0.0095, -0.0045]"
1730290802099,BTC_USDT,72049.3,-0.0045,72044.1,72034.6,956087240,6915211457.81072,79238.0,64831.1,70903.1,73659.2,72049.2,72049.3,93587266,-326.3,0.0001,UTC+8,"[-0.0045, 0.071, 0.0963, 0.0858, 0.2164, 1.0784]","[0.0085, -0.0094, -0.0045]"
1730290804099,BTC_USDT,72049.3,-0.0045,72044.2,72034.6,956090216,6915232901.8325,79238.0,64831.1,70903.1,73659.2,72049.2,72049.3,93989673,-326.3,0.0001,UTC+8,"[-0.0045, 0.071, 0.0963, 0.0858, 0.2164, 1.0784]","[0.0085, -0.0094, -0.0045]"
1730290807101,BTC_USDT,72054.3,-0.0044,72053.1,72043.5,957488554,6925308565.77327,79247.8,64839.1,70903.1,73659.2,72054.0,72054.1,93601370,-321.3,0.0001,UTC+8,"[-0.0044, 0.0711, 0.0963, 0.0859, 0.2165, 1.0786]","[0.0085, -0.0094, -0.0044]"
1730290809097,BTC_USDT,72058.6,-0.0043,72054.1,72044.9,957489852,6925317917.16636,79249.3,64840.4,70903.1,73659.2,72065.9,72066.0,93998461,-317.0,0.0001,UTC+8,"[-0.0043, 0.0712, 0.0964, 0.0859, 0.2166, 1.0787]","[0.0086, -0.0093, -0.0043]"
1730290811099,BTC_USDT,72073.0,-0.0041,72068.1,72058.5,957490768,6925324519.9286,79264.3,64852.6,70903.1,73659.2,72072.9,72073.0,93604182,-302.6,0.0001,UTC+8,"[-0.0041, 0.0714, 0.0966, 0.0861, 0.2168, 1.0791]","[0.0088, -0.0091, -0.0041]"
1730290813104,BTC_USDT,72076.3,-0.0041,72072.2,72062.6,957500830,6925397041.40424,79268.8,64856.3,70903.1,73659.2,72076.3,72076.4,94019223,-299.3,0.0001,UTC+8,"[-0.0041, 0.0714, 0.0967, 0.0862, 0.2169, 1.0792]","[0.0089, -0.0091, -0.0041]"
1730290816093,BTC_USDT,72084.7,-0.004,72079.6,72070.0,957530695,6925612306.1741,79277.0,64863.0,70903.1,73659.2,72084.6,72084.7,94041747,-290.9,0.0001,UTC+8,"[-0.004, 0.0716, 0.0968, 0.0863, 0.217, 1.0795]","[0.009, -0.009, -0.004]"
1730290818095,BTC_USDT,72089.0,-0.0039,72088.7,72079.0,957545775,6925721020.63217,79286.9,64871.1,70903.1,73659.2,72089.0,72089.1,94026271,-286.6,0.0001,UTC+8,"[-0.0039, 0.0716, 0.0969, 0.0864, 0.2171, 1.0796]","[0.009, -0.0089, -0.0039]"
1730290820109,BTC_USDT,72085.5,-0.004,72085.1,72076.2,957585461,6926007107.35062,79283.8,64868.5,70903.1,73659.2,72085.4,72085.5,94057050,-290.1,0.0001,UTC+8,"[-0.004, 0.0716, 0.0968, 0.0863, 0.217, 1.0795]","[0.009, -0.0089, -0.004]"
1730290822099,BTC_USDT,72085.5,-0.004,72085.5,72076.1,957609203,6926178252.74457,79283.7,64868.4,70903.1,73659.2,72085.4,72085.5,93665529,-290.1,0.0001,UTC+8,"[-0.004, 0.0716, 0.0968, 0.0863, 0.217, 1.0795]","[0.009, -0.0089, -0.004]"
1730290824104,BTC_USDT,72088.0,-0.0039,72084,72074.3,957623484,6926281201.2337,79281.7,64866.8,70903.1,73659.2,72087.9,72088.0,94064090,-287.6,0.0001,UTC+8,"[-0.0039, 0.0716, 0.0968, 0.0864, 0.2171, 1.0795]","[0.009, -0.0089, -0.0039]"
1730290827103,BTC_USDT,72084.0,-0.004,72084.2,72074.4,957647725,6926455945.32775,79281.8,64866.9,70903.1,73659.2,72080.4,72080.5,94117554,-291.6,0.0001,UTC+8,"[-0.004, 0.0716, 0.0968, 0.0863, 0.217, 1.0794]","[0.009, -0.009, -0.004]"
1730290829100,BTC_USDT,72067.5,-0.0042,72067.5,72058.3,957653432,6926497078.00311,79264.1,64852.4,70903.1,73659.2,72067.4,72067.5,94120674,-308.1,0.0001,UTC+8,"[-0.0042, 0.0713, 0.0965, 0.086, 0.2167, 1.079]","[0.0087, -0.0092, -0.0042]"
1730290831099,BTC_USDT,72071.1,-0.0042,72065,72055.2,957659058,6926537624.3999,79260.7,64849.6,70903.1,73659.2,72071.0,72071.1,93727625,-304.5,0.0001,UTC+8,"[-0.0042, 0.0714, 0.0966, 0.0861, 0.2168, 1.0791]","[0.0088, -0.0091, -0.0042]"
1730290833092,BTC_USDT,72075.2,-0.0041,72067.5,72057.7,957685811,6926730439.65345,79263.4,64851.9,70903.1,73659.2,72075.1,72075.2,94181889,-300.4,0.0001,UTC+8,"[-0.0041, 0.0714, 0.0967, 0.0862, 0.2169, 1.0792]","[0.0088, -0.0091, -0.0041]"
1730290835092,BTC_USDT,72085.7,-0.004,72075.2,72070.4,957689370,6926756091.40922,79277.4,64863.3,70903.1,73659.2,72085.7,72085.8,94188240,-289.9,0.0001,UTC+8,"[-0.004, 0.0716, 0.0968, 0.0863, 0.217, 1.0795]","[0.009, -0.0089, -0.004]"
1730290838105,BTC_USDT,72097.4,-0.0038,72090.2,72080.4,957701297,6926842082.50228,79288.4,64872.3,70903.1,73659.2,72097.3,72097.4,94123386,-278.2,0.0001,UTC+8,"[-0.0038, 0.0718, 0.097, 0.0865, 0.2172, 1.0798]","[0.0092, -0.0088, -0.0038]"
1730290840094,BTC_USDT,72104.2,-0.0037,72097.3,72090.7,957733387,6927073444.71428,79299.7,64881.6,70903.1,73659.2,72104.2,72104.3,93707414,-271.4,0.0001,UTC+8,"[-0.0037, 0.0719, 0.0971, 0.0866, 0.2174, 1.08]","[0.0092, -0.0087, -0.0037]"
1730290842097,BTC_USDT,72109.3,-0.0036,72104.3,72096.3,957773879,6927365418.56962,79305.9,64886.6,70903.1,73659.2,72109.2,72109.3,94258723,-266.3,0.0001,UTC+8,"[-0.0036, 0.0719, 0.0972, 0.0867, 0.2174, 1.0802]","[0.0093, -0.0086, -0.0036]"
1730290844092,BTC_USDT,72109.3,-0.0036,72106.1,72096.3,957805212,6927591362.24446,79305.9,64886.6,70903.1,73659.2,72109.2,72109.3,94308310,-266.3,0.0001,UTC+8,"[-0.0036, 0.0719, 0.0972, 0.0867, 0.2174, 1.0802]","[0.0093, -0.0086, -0.0036]"
1730290847101,BTC_USDT,72098.3,-0.0038,72096.3,72086.5,957826037,6927741513.91419,79295.1,64877.8,70903.1,73659.2,72104.3,72104.4,94333825,-277.3,0.0001,UTC+8,"[-0.0038, 0.0718, 0.097, 0.0865, 0.2173, 1.0798]","[0.0092, -0.0088, -0.0038]"
1730290849128,BTC_USDT,72104.3,-0.0037,72096.3,72086.5,957831504,6927780930.16485,79295.1,64877.8,70903.1,73659.2,72104.3,72104.4,93876648,-271.3,0.0001,UTC+8,"[-0.0037, 0.0719, 0.0971, 0.0866, 0.2174, 1.08]","[0.0092, -0.0087, -0.0037]"
1730290851088,BTC_USDT,72104.3,-0.0037,72096.5,72086.7,957832182,6927785816.67869,79295.3,64878.0,70903.1,73659.2,72104.3,72104.4,93877640,-271.3,0.0001,UTC+8,"[-0.0037, 0.0719, 0.0971, 0.0866, 0.2174, 1.08]","[0.0092, -0.0087, -0.0037]"
1730290853098,BTC_USDT,72109.2,-0.0036,72100.8,72090.9,957849273,6927909058.38876,79299.9,64881.8,70903.1,73659.2,72109.1,72109.2,94375259,-266.4,0.0001,UTC+8,"[-0.0036, 0.0719, 0.0972, 0.0867, 0.2174, 1.0802]","[0.0093, -0.0086, -0.0036]"
1730290856091,BTC_USDT,72100.4,-0.0038,72100.4,72090.4,957866356,6928032239.25025,79299.4,64881.3,70903.1,73659.2,72100.3,72100.4,93997717,-275.2,0.0001,UTC+8,"[-0.0038, 0.0718, 0.097, 0.0865, 0.2173, 1.0799]","[0.0092, -0.0087, -0.0038]"
1730290858098,BTC_USDT,72091.1,-0.0039,72090.3,72080.3,957884528,6928163250.90966,79288.3,64872.2,70903.1,73659.2,72091.1,72091.2,93940870,-284.5,0.0001,UTC+8,"[-0.0039, 0.0717, 0.0969, 0.0864, 0.2171, 1.0796]","[0.0091, -0.0089, -0.0039]"
1730290860108,BTC_USDT,72075.3,-0.0041,72075.1,72065.0,957894523,6928235291.96829,79271.5,64858.5,70903.1,73659.2,72075.3,72075.4,93864309,-300.3,0.0001,UTC+8,"[-0.0041, 0.0714, 0.0967, 0.0862, 0.2169, 1.0792]","[0.0088, -0.0091, -0.0041]"
1730290862094,BTC_USDT,72068.6,-0.0042,72068.6,72060.7,957909841,6928345686.54354,79266.7,64854.6,70903.1,73659.2,72068.5,72068.6,94339579,-307.0,0.0001,UTC+8,"[-0.0042, 0.0713, 0.0966, 0.0861, 0.2168, 1.079]","[0.0087, -0.0092, -0.0042]"
1730290864102,BTC_USDT,72067.9,-0.0042,72068.6,72059.3,957921850,6928432237.36255,79265.2,64853.3,70903.1,73659.2,72067.9,72068.0,93902197,-307.7,0.0001,UTC+8,"[-0.0042, 0.0713, 0.0965, 0.0861, 0.2167, 1.079]","[0.0087, -0.0092, -0.0042]"
1730290867106,BTC_USDT,72083.8,-0.004,72079.5,72069.4,957928192,6928477940.19512,79276.3,64862.4,70903.1,73659.2,72083.8,72083.9,93904446,-291.8,0.0001,UTC+8,"[-0.004, 0.0716, 0.0968, 0.0863, 0.217, 1.0794]","[0.009, -0.009, -0.004]"
1730290869100,BTC_USDT,72092.4,-0.0039,72083.8,72077.0,957928750,6928481962.59913,79284.7,64869.3,70903.1,73659.2,72099.7,72099.8,93978564,-283.2,0.0001,UTC+8,"[-0.0039, 0.0717, 0.0969, 0.0864, 0.2172, 1.0797]","[0.0091, -0.0088, -0.0039]"
1730290871105,BTC_USDT,72114.0,-0.0036,72110.2,72100.4,957930463,6928494319.7532,79310.4,64890.3,70903.1,73659.2,72113.9,72114.0,93905145,-261.6,0.0001,UTC+8,"[-0.0036, 0.072, 0.0972, 0.0868, 0.2175, 1.0803]","[0.0094, -0.0085, -0.0036]"
1730290873100,BTC_USDT,72114.0,-0.0036,72110.5,72100.3,957964152,6928737263.15921,79310.3,64890.2,70903.1,73659.2,72113.9,72114.0,94444305,-261.6,0.0001,UTC+8,"[-0.0036, 0.072, 0.0972, 0.0868, 0.2175, 1.0803]","[0.0094, -0.0085, -0.0036]"
1730290876104,BTC_USDT,72114.0,-0.0036,72110.7,72100.4,957973240,6928802801.79645,79310.4,64890.3,70903.1,73659.2,72113.9,72114.0,93988664,-261.6,0.0001,UTC+8,"[-0.0036, 0.072, 0.0972, 0.0868, 0.2175, 1.0803]","[0.0094, -0.0085, -0.0036]"
1730290878104,BTC_USDT,72114.0,-0.0036,72110.7,72100.4,957980060,6928851978.49057,79310.4,64890.3,70903.1,73659.2,72113.9,72114.0,94067571,-261.6,0.0001,UTC+8,"[-0.0036, 0.072, 0.0972, 0.0868, 0.2175, 1.0803]","[0.0094, -0.0085, -0.0036]"
1730290880125,BTC_USDT,72125.9,-0.0034,72122.6,72112.3,958062339,6929445372.41214,79323.5,64901.0,70903.1,73659.2,72125.9,72126.0,94493556,-249.7,0.0001,UTC+8,"[-0.0034, 0.0722, 0.0974, 0.0869, 0.2177, 1.0806]","[0.0095, -0.0084, -0.0034]"
1730290882102,BTC_USDT,72111.4,-0.0036,72121.4,72111.0,958078254,6929560161.92333,79322.1,64899.9,70903.1,73659.2,72111.4,72111.5,94521201,-264.2,0.0001,UTC+8,"[-0.0036, 0.072, 0.0972, 0.0867, 0.2175, 1.0802]","[0.0093, -0.0086, -0.0036]"
1730290884101,BTC_USDT,72110.7,-0.0036,72108.9,72098.5,958088348,6929632946.88497,79308.3,64888.6,70903.1,73659.2,72110.6,72110.7,94100196,-264.9,0.0001,UTC+8,"[-0.0036, 0.072, 0.0972, 0.0867, 0.2175, 1.0802]","[0.0093, -0.0086, -0.0036]"
1730290887101,BTC_USDT,72113.3,-0.0036,72109.4,72098.9,958108131,6929775608.53999,79308.7,64889.0,70903.1,73659.2,72113.2,72113.3,94061566,-262.3,0.0001,UTC+8,"[-0.0036, 0.072, 0.0972, 0.0867, 0.2175, 1.0803]","[0.0094, -0.0086, -0.0036]"
1730290889100,BTC_USDT,72110.1,-0.0036,72109.2,72098.7,958114044,6929818241.45543,79308.5,64888.8,70903.1,73659.2,72110.0,72110.1,94061566,-265.5,0.0001,UTC+8,"[-0.0036, 0.072, 0.0972, 0.0867, 0.2175, 1.0802]","[0.0093, -0.0086, -0.0036]"
1730290891101,BTC_USDT,72095.4,-0.0038,72094,72083.5,958117880,6929845905.52798,79291.8,64875.1,70903.1,73659.2,72095.3,72095.4,94070244,-280.2,0.0001,UTC+8,"[-0.0038, 0.0717, 0.097, 0.0865, 0.2172, 1.0798]","[0.0091, -0.0088, -0.0038]"
1730290893098,BTC_USDT,72104.7,-0.0037,72100.8,72090.4,958123444,6929886018.79088,79299.4,64881.3,70903.1,73659.2,72104.6,72104.7,94155544,-270.9,0.0001,UTC+8,"[-0.0037, 0.0719, 0.0971, 0.0866, 0.2174, 1.08]","[0.0093, -0.0087, -0.0037]"
1730290896100,BTC_USDT,72105.3,-0.0037,72101.1,72090.6,958142728,6930025068.79157,79299.6,64881.5,70903.1,73659.2,72105.2,72105.3,94186837,-270.3,0.0001,UTC+8,"[-0.0037, 0.0719, 0.0971, 0.0866, 0.2174, 1.08]","[0.0093, -0.0087, -0.0037]"
1730290898101,BTC_USDT,72113.3,-0.0036,72111.2,72100.7,958188900,6930358013.78945,79310.7,64890.6,70903.1,73659.2,72113.7,72113.8,94581932,-262.3,0.0001,UTC+8,"[-0.0036, 0.072, 0.0972, 0.0867, 0.2175, 1.0803]","[0.0094, -0.0086, -0.0036]"
1730290900105,BTC_USDT,72114.0,-0.0036,72111.4,72100.8,958193937,6930394339.67118,79310.8,64890.7,70903.1,73659.2,72119.9,72120.0,94120391,-261.6,0.0001,UTC+8,"[-0.0036, 0.072, 0.0972, 0.0868, 0.2175, 1.0803]","[0.0094, -0.0085, -0.0036]"
1730290902107,BTC_USDT,72119.9,-0.0035,72114.9,72104.2,958196406,6930412143.9323,79314.6,64893.7,70903.1,73659.2,72119.9,72120.0,94593406,-255.7,0.0001,UTC+8,"[-0.0035, 0.0721, 0.0973, 0.0868, 0.2176, 1.0805]","[0.0095, -0.0085, -0.0035]"
1730290904095,BTC_USDT,72123.9,-0.0034,72122.4,72111.7,958210223,6930511795.88297,79322.8,64900.5,70903.1,73659.2,72123.8,72123.9,94116037,-251.7,0.0001,UTC+8,"[-0.0034, 0.0722, 0.0974, 0.0869, 0.2177, 1.0806]","[0.0095, -0.0084, -0.0034]"
1730290907104,BTC_USDT,72123.9,-0.0034,72122.5,72111.7,958224269,6930613103.37641,79322.8,64900.5,70903.1,73659.2,72123.9,72124.0,94053967,-251.7,0.0001,UTC+8,"[-0.0034, 0.0722, 0.0974, 0.0869, 0.2177, 1.0806]","[0.0095, -0.0084, -0.0034]"
1730290909092,BTC_USDT,72124.0,-0.0034,72122.5,72111.7,958238249,6930713930.55143,79322.8,64900.5,70903.1,73659.2,72123.9,72124.0,94522017,-251.6,0.0001,UTC+8,"[-0.0034, 0.0722, 0.0974, 0.0869, 0.2177, 1.0806]","[0.0095, -0.0084, -0.0034]"
1730290911130,BTC_USDT,72124.0,-0.0034,72122.5,72111.7,958379591,6931733347.7307,79322.8,64900.5,70903.1,73659.2,72123.9,72124.2,97700101,-251.6,0.0001,UTC+8,"[-0.0034, 0.0722, 0.0974, 0.0869, 0.2177, 1.0806]","[0.0095, -0.0084, -0.0034]"
1730290913101,BTC_USDT,72104.6,-0.0037,72107.3,72096.4,959651361,6940905906.53973,79306.0,64886.7,70903.1,73659.2,72100.3,72100.4,97246276,-271.0,0.0001,UTC+8,"[-0.0037, 0.0719, 0.0971, 0.0866, 0.2174, 1.08]","[0.0093, -0.0087, -0.0037]"
1730290915100,BTC_USDT,72092.2,-0.0039,72092.2,72084.6,959651852,6940909449.35002,79293.0,64876.1,70903.1,73659.2,72095.9,72096.0,97715529,-283.4,0.0001,UTC+8,"[-0.0039, 0.0717, 0.0969, 0.0864, 0.2172, 1.0797]","[0.0091, -0.0088, -0.0039]"
1730290918102,BTC_USDT,72098.3,-0.0038,72096,72085.1,959692378,6941201625.97072,79293.6,64876.5,70903.1,73659.2,72098.3,72098.4,97196551,-277.3,0.0001,UTC+8,"[-0.0038, 0.0718, 0.097, 0.0865, 0.2173, 1.0798]","[0.0092, -0.0088, -0.0038]"
1730290920102,BTC_USDT,72105.6,-0.0037,72104.4,72093.4,959702689,6941275975.8322,79302.7,64884.0,70903.1,73659.2,72105.5,72105.6,97688170,-270.0,0.0001,UTC+8,"[-0.0037, 0.0719, 0.0971, 0.0866, 0.2174, 1.0801]","[0.0093, -0.0087, -0.0037]"
1730290922096,BTC_USDT,72105.6,-0.0037,72105.6,72096.3,959722984,6941422314.14504,79305.9,64886.6,70903.1,73659.2,72105.5,72105.6,97734395,-270.0,0.0001,UTC+8,"[-0.0037, 0.0719, 0.0971, 0.0866, 0.2174, 1.0801]","[0.0093, -0.0087, -0.0037]"
1730290924105,BTC_USDT,72092.3,-0.0039,72098.7,72087.7,959723051,6941422794.30173,79296.4,64878.9,70903.1,73659.2,72092.2,72092.3,97734498,-283.3,0.0001,UTC+8,"[-0.0039, 0.0717, 0.0969, 0.0864, 0.2172, 1.0797]","[0.0091, -0.0088, -0.0039]"
1730290927093,BTC_USDT,72085.5,-0.004,72089,72077.9,959731601,6941484432.33229,79285.6,64870.1,70903.1,73659.2,72083.0,72083.1,97344254,-290.1,0.0001,UTC+8,"[-0.004, 0.0716, 0.0968, 0.0863, 0.217, 1.0795]","[0.009, -0.0089, -0.004]"
1730290929103,BTC_USDT,72082.7,-0.004,72083.1,72073.2,959739895,6941544220.93043,79280.5,64865.8,70903.1,73659.2,72082.7,72082.8,97741863,-292.9,0.0001,UTC+8,"[-0.004, 0.0715, 0.0968, 0.0863, 0.217, 1.0794]","[0.0089, -0.009, -0.004]"
1730290931092,BTC_USDT,72071.8,-0.0041,72082.7,72068.3,959744181,6941575111.14306,79275.1,64861.4,70903.1,73659.2,72071.7,72071.8,97275523,-303.8,0.0001,UTC+8,"[-0.0041, 0.0714, 0.0966, 0.0861, 0.2168, 1.0791]","[0.0088, -0.0091, -0.0041]"
1730290933093,BTC_USDT,72062.8,-0.0043,72069.4,72058.2,959755678,6941657967.02572,79264.0,64852.3,70903.1,73659.2,72062.8,72062.9,97283895,-312.8,0.0001,UTC+8,"[-0.0043, 0.0712, 0.0965, 0.086, 0.2167, 1.0788]","[0.0087, -0.0093, -0.0043]"
1730290935100,BTC_USDT,72062.9,-0.0043,72062.9,72056.3,959760940,6941695888.63314,79261.9,64850.6,70903.1,73659.2,72065.7,72065.8,97295841,-312.7,0.0001,UTC+8,"[-0.0043, 0.0712, 0.0965, 0.086, 0.2167, 1.0788]","[0.0087, -0.0093, -0.0043]"
1730290938101,BTC_USDT,72073.1,-0.0041,72068.2,72061.6,959761892,6941702751.27841,79267.7,64855.4,70903.1,73659.2,72073.0,72073.1,97766388,-302.5,0.0001,UTC+8,"[-0.0041, 0.0714, 0.0966, 0.0861, 0.2168, 1.0791]","[0.0088, -0.0091, -0.0041]"
1730290940105,BTC_USDT,72076.2,-0.0041,72073.1,72064.3,959772537,6941779468.06961,79270.7,64857.8,70903.1,73659.2,72076.2,72076.3,97790463,-299.4,0.0001,UTC+8,"[-0.0041, 0.0714, 0.0967, 0.0862, 0.2169, 1.0792]","[0.0089, -0.0091, -0.0041]"
1730290942090,BTC_USDT,72062.9,-0.0043,72067.1,72055.9,959776605,6941808785.86862,79261.4,64850.3,70903.1,73659.2,72061.2,72061.3,97799712,-312.7,0.0001,UTC+8,"[-0.0043, 0.0712, 0.0965, 0.086, 0.2167, 1.0788]","[0.0087, -0.0093, -0.0043]"
1730290944105,BTC_USDT,72078.9,-0.004,72078.7,72067.6,959780182,6941834567.39295,79274.3,64860.8,70903.1,73659.2,72080.5,72080.6,97413519,-296.7,0.0001,UTC+8,"[-0.004, 0.0715, 0.0967, 0.0862, 0.2169, 1.0793]","[0.0089, -0.009, -0.004]"
1730290947104,BTC_USDT,72081.2,-0.004,72078.9,72067.6,959796857,6941954763.10939,79274.3,64860.8,70903.1,73659.2,72081.2,72081.3,97345147,-294.4,0.0001,UTC+8,"[-0.004, 0.0715, 0.0967, 0.0863, 0.217, 1.0794]","[0.0089, -0.009, -0.004]"
1730290949106,BTC_USDT,72081.2,-0.004,72078.9,72067.6,959804010,6942006317.79506,79274.3,64860.8,70903.1,73659.2,72081.2,72081.3,97357788,-294.4,0.0001,UTC+8,"[-0.004, 0.0715, 0.0967, 0.0863, 0.217, 1.0794]","[0.0089, -0.009, -0.004]"
1730290951102,BTC_USDT,72079.7,-0.004,72078.8,72067.5,959806125,6942021569.20296,79274.2,64860.7,70903.1,73659.2,72079.6,72079.7,97435481,-295.9,0.0001,UTC+8,"[-0.004, 0.0715, 0.0967, 0.0862, 0.2169, 1.0793]","[0.0089, -0.009, -0.004]"
1730290953105,BTC_USDT,72078.1,-0.0041,72078.8,72067.5,959807021,6942028023.89501,79274.2,64860.7,70903.1,73659.2,72078.0,72078.1,97363390,-297.5,0.0001,UTC+8,"[-0.0041, 0.0715, 0.0967, 0.0862, 0.2169, 1.0793]","[0.0089, -0.009, -0.0041]"
1730290955112,BTC_USDT,72079.3,-0.004,72078,72067.9,959807283,6942029911.65099,79274.6,64861.1,70903.1,73659.2,72079.2,72079.3,97294676,-296.3,0.0001,UTC+8,"[-0.004, 0.0715, 0.0967, 0.0862, 0.2169, 1.0793]","[0.0089, -0.009, -0.004]"
1730290958109,BTC_USDT,72079.6,-0.004,72079.1,72067.7,959824854,6942156566.90809,79274.4,64860.9,70903.1,73659.2,72079.6,72079.7,97775153,-296.0,0.0001,UTC+8,"[-0.004, 0.0715, 0.0967, 0.0862, 0.2169, 1.0793]","[0.0089, -0.009, -0.004]"
1730290960102,BTC_USDT,72081.2,-0.004,72081.2,72071.6,959828287,6942181309.31772,79278.7,64864.4,70903.1,73659.2,72085.9,72086.0,97784764,-294.4,0.0001,UTC+8,"[-0.004, 0.0715, 0.0967, 0.0863, 0.217, 1.0794]","[0.0089, -0.009, -0.004]"
1730290962090,BTC_USDT,72100.0,-0.0038,72094.8,72091.2,959829673,6942191299.93023,79300.3,64882.0,70903.1,73659.2,72103.7,72103.8,97316359,-275.6,0.0001,UTC+8,"[-0.0038, 0.0718, 0.097, 0.0865, 0.2173, 1.0799]","[0.0092, -0.0087, -0.0038]"
1730290964102,BTC_USDT,72100.2,-0.0038,72102.4,72091.1,959833362,6942217898.86192,79300.2,64881.9,70903.1,73659.2,72100.1,72100.2,97396844,-275.4,0.0001,UTC+8,"[-0.0038, 0.0718, 0.097, 0.0865, 0.2173, 1.0799]","[0.0092, -0.0087, -0.0038]"
1730290966093,BTC_USDT,72100.1,-0.0038,72100.1,72091.1,959834767,6942228028.21882,79300.2,64881.9,70903.1,73659.2,72100.0,72100.1,97325560,-275.5,0.0001,UTC+8,"[-0.0038, 0.0718, 0.097, 0.0865, 0.2173, 1.0799]","[0.0092, -0.0087, -0.0038]"
1730290969100,BTC_USDT,72100.0,-0.0038,72100.1,72091.1,959846967,6942315986.61588,79300.2,64881.9,70903.1,73659.2,72100.0,72100.1,97352847,-275.6,0.0001,UTC+8,"[-0.0038, 0.0718, 0.097, 0.0865, 0.2173, 1.0799]","[0.0092, -0.0087, -0.0038]"
1730290971103,BTC_USDT,72096.3,-0.0038,72100.1,72085.8,959852830,6942358260.28821,79294.3,64877.2,70903.1,73659.2,72096.2,72096.3,97367185,-279.3,0.0001,UTC+8,"[-0.0038, 0.0717, 0.097, 0.0865, 0.2172, 1.0798]","[0.0091, -0.0088, -0.0038]"
1730290973097,BTC_USDT,72096.2,-0.0038,72096.2,72085.8,959853338,6942361919.89599,79294.3,64877.2,70903.1,73659.2,72096.2,72096.3,97441358,-279.4,0.0001,UTC+8,"[-0.0038, 0.0717, 0.097, 0.0865, 0.2172, 1.0798]","[0.0091, -0.0088, -0.0038]"
1730290975099,BTC_USDT,72094.9,-0.0038,72087.7,72076.3,959854453,6942369959.19967,79283.9,64868.6,70903.1,73659.2,72094.9,72095.0,97838019,-280.7,0.0001,UTC+8,"[-0.0038, 0.0717, 0.097, 0.0865, 0.2172, 1.0797]","[0.0091, -0.0088, -0.0038]"
1730290978100,BTC_USDT,72096.9,-0.0038,72096.9,72084.7,959855071,6942374416.80049,79293.1,64876.2,70903.1,73659.2,72094.7,72094.8,97370889,-278.7,0.0001,UTC+8,"[-0.0038, 0.0718, 0.097, 0.0865, 0.2172, 1.0798]","[0.0091, -0.0088, -0.0038]"
1730290980110,BTC_USDT,72080.1,-0.004,72082,72072.0,959863034,6942431822.24138,79279.2,64864.8,70903.1,73659.2,72080.0,72080.1,97388044,-295.5,0.0001,UTC+8,"[-0.004, 0.0715, 0.0967, 0.0862, 0.2169, 1.0793]","[0.0089, -0.009, -0.004]"
1730290982094,BTC_USDT,72078.3,-0.0041,72080,72069.9,959864268,6942440716.06399,79276.8,64862.9,70903.1,73659.2,72078.0,72078.1,97464300,-297.3,0.0001,UTC+8,"[-0.0041, 0.0715, 0.0967, 0.0862, 0.2169, 1.0793]","[0.0089, -0.009, -0.0041]"
1730290984103,BTC_USDT,72078.1,-0.0041,72077.6,72066.1,959865562,6942450044.40921,79272.7,64859.4,70903.1,73659.2,72073.2,72073.3,97391924,-297.5,0.0001,UTC+8,"[-0.0041, 0.0715, 0.0967, 0.0862, 0.2169, 1.0793]","[0.0089, -0.009, -0.0041]"
1730290986101,BTC_USDT,72075.0,-0.0041,72075,72066.1,959867010,6942460475.37655,79272.7,64859.4,70903.1,73659.2,72072.0,72072.1,97821742,-300.6,0.0001,UTC+8,"[-0.0041, 0.0714, 0.0966, 0.0862, 0.2169, 1.0792]","[0.0088, -0.0091, -0.0041]"
1730290989090,BTC_USDT,72072.0,-0.0041,72072.1,72062.7,959869769,6942480362.92783,79268.9,64856.4,70903.1,73659.2,72072.0,72072.1,97428533,-303.6,0.0001,UTC+8,"[-0.0041, 0.0714, 0.0966, 0.0861, 0.2168, 1.0791]","[0.0088, -0.0091, -0.0041]"
1730290991101,BTC_USDT,72071.1,-0.0042,72072,72062.1,959870295,6942484151.03052,79268.3,64855.8,70903.1,73659.2,72071.0,72071.1,97822877,-304.5,0.0001,UTC+8,"[-0.0042, 0.0714, 0.0966, 0.0861, 0.2168, 1.0791]","[0.0088, -0.0091, -0.0042]"
1730290993101,BTC_USDT,72071.0,-0.0042,72071.1,72061.4,959870346,6942484520.75514,79267.5,64855.2,70903.1,73659.2,72071.0,72071.1,97430991,-304.6,0.0001,UTC+8,"[-0.0042, 0.0714, 0.0966, 0.0861, 0.2168, 1.0791]","[0.0088, -0.0091, -0.0042]"
1730290995098,BTC_USDT,72071.1,-0.0042,72071.1,72061.5,959873621,6942508124.74171,79267.6,64855.3,70903.1,73659.2,72071.0,72071.1,97431635,-304.5,0.0001,UTC+8,"[-0.0042, 0.0714, 0.0966, 0.0861, 0.2168, 1.0791]","[0.0088, -0.0091, -0.0042]"
1730290998100,BTC_USDT,72071.1,-0.0042,72071.1,72061.5,959878456,6942542969.67695,79267.6,64855.3,70903.1,73659.2,72071.0,72071.1,97431635,-304.5,0.0001,UTC+8,"[-0.0042, 0.0714, 0.0966, 0.0861, 0.2168, 1.0791]","[0.0088, -0.0091, -0.0042]"
1730291000108,BTC_USDT,72071.1,-0.0042,72071,72061.5,959878732,6942544961.00117,79267.6,64855.3,70903.1,73659.2,72071.0,72071.1,97358085,-304.5,0.0001,UTC+8,"[-0.0042, 0.0714, 0.0966, 0.0861, 0.2168, 1.0791]","[0.0088, -0.0091, -0.0042]"
1730291002100,BTC_USDT,72079.1,-0.004,72071,72062.5,959888115,6942612584.1276,79268.7,64856.2,70903.1,73659.2,72083.1,72083.2,97827959,-296.5,0.0001,UTC+8,"[-0.004, 0.0715, 0.0967, 0.0862, 0.2169, 1.0793]","[0.0089, -0.009, -0.004]"
1730291004092,BTC_USDT,72079.3,-0.004,72079.1,72067.6,959888197,6942613180.97362,79274.3,64860.8,70903.1,73659.2,72073.2,72073.3,97359557,-296.3,0.0001,UTC+8,"[-0.004, 0.0715, 0.0967, 0.0862, 0.2169, 1.0793]","[0.0089, -0.009, -0.004]"
1730291006087,BTC_USDT,72073.2,-0.0041,72073.3,72062.2,959888604,6942616112.91428,79268.4,64855.9,70903.1,73659.2,72073.2,72073.3,97331829,-302.4,0.0001,UTC+8,"[-0.0041, 0.0714, 0.0966, 0.0861, 0.2168, 1.0791]","[0.0088, -0.0091, -0.0041]"
1730291009101,BTC_USDT,72079.3,-0.004,72078.1,72066.5,959893135,6942648767.99885,79273.1,64859.8,70903.1,73659.2,72079.2,72079.3,97412020,-296.3,0.0001,UTC+8,"[-0.004, 0.0715, 0.0967, 0.0862, 0.2169, 1.0793]","[0.0089, -0.009, -0.004]"
1730291011098,BTC_USDT,72079.3,-0.004,72078,72066.4,959899234,6942692731.32614,79273.0,64859.7,70903.1,73659.2,72079.2,72079.3,97351730,-296.3,0.0001,UTC+8,"[-0.004, 0.0715, 0.0967, 0.0862, 0.2169, 1.0793]","[0.0089, -0.009, -0.004]"
1730291013103,BTC_USDT,72073.2,-0.0041,72077.9,72066.3,959900832,6942704252.21046,79272.9,64859.6,70903.1,73659.2,72071.0,72071.1,97822258,-302.4,0.0001,UTC+8,"[-0.0041, 0.0714, 0.0966, 0.0861, 0.2168, 1.0791]","[0.0088, -0.0091, -0.0041]"
1730291015103,BTC_USDT,72071.1,-0.0042,72071,72066.1,959900850,6942704375.45199,79272.7,64859.4,70903.1,73659.2,72071.0,72071.1,97822273,-304.5,0.0001,UTC+8,"[-0.0042, 0.0714, 0.0966, 0.0861, 0.2168, 1.0791]","[0.0088, -0.0091, -0.0042]"
1730291017102,BTC_USDT,72073.2,-0.0041,72071.1,72066.1,959913200,6942793388.96633,79272.7,64859.4,70903.1,73659.2,72073.1,72073.2,97454552,-302.4,0.0001,UTC+8,"[-0.0041, 0.0714, 0.0966, 0.0861, 0.2168, 1.0791]","[0.0088, -0.0091, -0.0041]"
1730291020107,BTC_USDT,72073.1,-0.0041,72073.1,72066.2,959913506,6942795594.40359,79272.8,64859.5,70903.1,73659.2,72073.1,72073.2,97848925,-302.5,0.0001,UTC+8,"[-0.0041, 0.0714, 0.0966, 0.0861, 0.2168, 1.0791]","[0.0088, -0.0091, -0.0041]"
1730291022107,BTC_USDT,72073.1,-0.0041,72073.2,72066.2,959917713,6942825912.71335,79272.8,64859.5,70903.1,73659.2,72073.1,72073.2,97859136,-302.5,0.0001,UTC+8,"[-0.0041, 0.0714, 0.0966, 0.0861, 0.2168, 1.0791]","[0.0088, -0.0091, -0.0041]"
1730291024100,BTC_USDT,72073.2,-0.0041,72076.8,72066.2,959918940,6942834753.93068,79272.8,64859.5,70903.1,73659.2,72076.8,72076.9,97391404,-302.4,0.0001,UTC+8,"[-0.0041, 0.0714, 0.0966, 0.0861, 0.2168, 1.0791]","[0.0088, -0.0091, -0.0041]"
1730291026093,BTC_USDT,72083.1,-0.004,72076.8,72066.5,959919727,6942840430.11555,79273.1,64859.8,70903.1,73659.2,72083.1,72083.2,97392070,-292.5,0.0001,UTC+8,"[-0.004, 0.0715, 0.0968, 0.0863, 0.217, 1.0794]","[0.009, -0.009, -0.004]"
1730291029097,BTC_USDT,72090.0,-0.0039,72087.1,72075.5,959921962,6942856539.99886,79283.0,64867.9,70903.1,73659.2,72089.9,72090.0,97397131,-285.6,0.0001,UTC+8,"[-0.0039, 0.0717, 0.0969, 0.0864, 0.2171, 1.0796]","[0.009, -0.0089, -0.0039]"
1730291031100,BTC_USDT,72100.0,-0.0038,72088.3,72076.7,959929261,6942909159.33012,79284.3,64869.0,70903.1,73659.2,72099.9,72100.0,97481472,-275.6,0.0001,UTC+8,"[-0.0038, 0.0718, 0.097, 0.0865, 0.2173, 1.0799]","[0.0092, -0.0087, -0.0038]"
1730291033120,BTC_USDT,72100.0,-0.0038,72100,72090.1,959944527,6943019225.74596,79299.1,64881.0,70903.1,73659.2,72099.9,72100.0,97905150,-275.6,0.0001,UTC+8,"[-0.0038, 0.0718, 0.097, 0.0865, 0.2173, 1.0799]","[0.0092, -0.0087, -0.0038]"
1730291035098,BTC_USDT,72100.0,-0.0038,72099.9,72090.1,959948422,6943047310.12331,79299.1,64881.0,70903.1,73659.2,72099.9,72100.0,97445134,-275.6,0.0001,UTC+8,"[-0.0038, 0.0718, 0.097, 0.0865, 0.2173, 1.0799]","[0.0092, -0.0087, -0.0038]"
1730291037107,BTC_USDT,72100.6,-0.0037,72099.9,72090.4,959948661,6943049036.1974,79299.4,64881.3,70903.1,73659.2,72107.9,72108.0,97913883,-275.0,0.0001,UTC+8,"[-0.0037, 0.0718, 0.097, 0.0865, 0.2173, 1.0799]","[0.0092, -0.0087, -0.0037]"
1730291040103,BTC_USDT,72110.0,-0.0036,72109.6,72098.1,959959722,6943128795.44674,79307.9,64888.2,70903.1,73659.2,72109.9,72110.0,97917317,-265.6,0.0001,UTC+8,"[-0.0036, 0.0719, 0.0972, 0.0867, 0.2175, 1.0802]","[0.0093, -0.0086, -0.0036]"
1730291042102,BTC_USDT,72110.0,-0.0036,72109.7,72098.2,960010490,6943494884.21503,79308.0,64888.3,70903.1,73659.2,72109.9,72110.0,98032094,-265.6,0.0001,UTC+8,"[-0.0036, 0.0719, 0.0972, 0.0867, 0.2175, 1.0802]","[0.0093, -0.0086, -0.0036]"
1730291044097,BTC_USDT,72109.2,-0.0036,72108.9,72097.5,960014557,6943524211.98192,79307.2,64887.7,70903.1,73659.2,72102.0,72102.1,98041319,-266.4,0.0001,UTC+8,"[-0.0036, 0.0719, 0.0972, 0.0867, 0.2174, 1.0802]","[0.0093, -0.0086, -0.0036]"
1730291046101,BTC_USDT,72100.2,-0.0038,72100.1,72093.9,960017799,6943547585.42591,79303.2,64884.5,70903.1,73659.2,72100.1,72100.2,97527665,-275.4,0.0001,UTC+8,"[-0.0038, 0.0718, 0.097, 0.0865, 0.2173, 1.0799]","[0.0092, -0.0087, -0.0038]"
1730291048109,BTC_USDT,72100.1,-0.0038,72100.1,72091.9,960018238,6943550752.06425,79301.0,64882.7,70903.1,73659.2,72100.0,72100.1,97997039,-275.5,0.0001,UTC+8,"[-0.0038, 0.0718, 0.097, 0.0865, 0.2173, 1.0799]","[0.0092, -0.0087, -0.0038]"
1730291051098,BTC_USDT,72085.1,-0.004,72085,72076.9,960035200,6943673039.99274,79284.5,64869.2,70903.1,73659.2,72084.1,72084.2,98035063,-290.5,0.0001,UTC+8,"[-0.004, 0.0716, 0.0968, 0.0863, 0.217, 1.0795]","[0.009, -0.0089, -0.004]"
1730291053102,BTC_USDT,72084.2,-0.004,72084.1,72076.9,960035956,6943678489.55815,79284.5,64869.2,70903.1,73659.2,72084.1,72084.2,97566836,-291.4,0.0001,UTC+8,"[-0.004, 0.0716, 0.0968, 0.0863, 0.217, 1.0794]","[0.009, -0.009, -0.004]"
1730291055092,BTC_USDT,72075.4,-0.0041,72075.3,72070.1,960085791,6944037682.11931,79277.1,64863.0,70903.1,73659.2,72075.3,72075.4,97567183,-300.2,0.0001,UTC+8,"[-0.0041, 0.0714, 0.0967, 0.0862, 0.2169, 1.0792]","[0.0088, -0.0091, -0.0041]"
1730291057101,BTC_USDT,72075.4,-0.0041,72075.3,72070.1,960090336,6944070440.34449,79277.1,64863.0,70903.1,73659.2,72075.3,72075.4,97577388,-300.2,0.0001,UTC+8,"[-0.0041, 0.0714, 0.0967, 0.0862, 0.2169, 1.0792]","[0.0088, -0.0091, -0.0041]"
1730291059098,BTC_USDT,72075.4,-0.0041,72075.4,72070.1,960095609,6944108439.92144,79277.1,64863.0,70903.1,73659.2,72075.3,72075.4,98057785,-300.2,0.0001,UTC+8,"[-0.0041, 0.0714, 0.0967, 0.0862, 0.2169, 1.0792]","[0.0088, -0.0091, -0.0041]"
1730291062107,BTC_USDT,72075.4,-0.0041,72075.4,72070.2,960112975,6944233608.78637,79277.2,64863.1,70903.1,73659.2,72075.3,72075.4,97593062,-300.2,0.0001,UTC+8,"[-0.0041, 0.0714, 0.0967, 0.0862, 0.2169, 1.0792]","[0.0088, -0.0091, -0.0041]"
1730291064128,BTC_USDT,72075.4,-0.0041,72075.4,72070.2,960114071,6944241509.68204,79277.2,64863.1,70903.1,73659.2,72075.3,72075.4,97424634,-300.2,0.0001,UTC+8,"[-0.0041, 0.0714, 0.0967, 0.0862, 0.2169, 1.0792]","[0.0088, -0.0091, -0.0041]"
1730291066091,BTC_USDT,72075.4,-0.0041,72075.4,72070.1,960114606,6944245362.83238,79277.1,64863.0,70903.1,73659.2,72075.3,72075.4,97425497,-300.2,0.0001,UTC+8,"[-0.0041, 0.0714, 0.0967, 0.0862, 0.2169, 1.0792]","[0.0088, -0.0091, -0.0041]"
1730291068102,BTC_USDT,72078.9,-0.004,72076.1,72070.3,960119125,6944277932.98718,79277.3,64863.2,70903.1,73659.2,72078.9,72079.0,97499621,-296.7,0.0001,UTC+8,"[-0.004, 0.0715, 0.0967, 0.0862, 0.2169, 1.0793]","[0.0089, -0.009, -0.004]"
1730291070109,BTC_USDT,72079.9,-0.004,72079,72070.1,960131514,6944367234.67623,79277.1,64863.0,70903.1,73659.2,72076.7,72076.8,97922116,-295.7,0.0001,UTC+8,"[-0.004, 0.0715, 0.0967, 0.0862, 0.2169, 1.0793]","[0.0089, -0.009, -0.004]"
1730291073103,BTC_USDT,72076.7,-0.0041,72076.8,72070.0,960132909,6944377289.38956,79277.0,64863.0,70903.1,73659.2,72076.7,72076.8,97925232,-298.9,0.0001,UTC+8,"[-0.0041, 0.0715, 0.0967, 0.0862, 0.2169, 1.0792]","[0.0089, -0.0091, -0.0041]"
1730291075101,BTC_USDT,72076.7,-0.0041,72076.8,72070.2,960132935,6944377477.50985,79277.2,64863.1,70903.1,73659.2,72076.7,72076.8,97925258,-298.9,0.0001,UTC+8,"[-0.0041, 0.0715, 0.0967, 0.0862, 0.2169, 1.0792]","[0.0089, -0.0091, -0.0041]"
1730291077104,BTC_USDT,72076.7,-0.0041,72076.7,72070.2,960132996,6944377918.61983,79277.2,64863.1,70903.1,73659.2,72076.7,72076.8,97925377,-298.9,0.0001,UTC+8,"[-0.0041, 0.0715, 0.0967, 0.0862, 0.2169, 1.0792]","[0.0089, -0.0091, -0.0041]"
1730291079099,BTC_USDT,72079.7,-0.004,72079.7,72070.2,960137243,6944408523.87191,79277.2,64863.1,70903.1,73659.2,72079.6,72079.7,97925377,-295.9,0.0001,UTC+8,"[-0.004, 0.0715, 0.0967, 0.0862, 0.2169, 1.0793]","[0.0089, -0.009, -0.004]"
1730291082108,BTC_USDT,72079.7,-0.004,72079.7,72070.0,960149414,6944496256.39555,79277.0,64863.0,70903.1,73659.2,72079.6,72079.7,97925586,-295.9,0.0001,UTC+8,"[-0.004, 0.0715, 0.0967, 0.0862, 0.2169, 1.0793]","[0.0089, -0.009, -0.004]"
1730291084100,BTC_USDT,72076.8,-0.0041,72079.7,72069.9,960151321,6944510002.52887,79276.8,64862.9,70903.1,73659.2,72071.4,72071.5,97925730,-298.8,0.0001,UTC+8,"[-0.0041, 0.0715, 0.0967, 0.0862, 0.2169, 1.0792]","[0.0089, -0.0091, -0.0041]"
1730291086100,BTC_USDT,72071.0,-0.0042,72074.7,72064.0,960151776,6944513278.39029,79270.4,64857.6,70903.1,73659.2,72071.0,72071.1,97925736,-304.6,0.0001,UTC+8,"[-0.0042, 0.0714, 0.0966, 0.0861, 0.2168, 1.0791]","[0.0088, -0.0091, -0.0042]"
1730291088107,BTC_USDT,72071.1,-0.0042,72071.1,72064.0,960151835,6944513706.4923,79270.4,64857.6,70903.1,73659.2,72071.0,72071.1,97457356,-304.5,0.0001,UTC+8,"[-0.0042, 0.0714, 0.0966, 0.0861, 0.2168, 1.0791]","[0.0088, -0.0091, -0.0042]"
1730291090102,BTC_USDT,72071.1,-0.0042,72071.1,72064.2,960152398,6944517760.4916,79270.6,64857.7,70903.1,73659.2,72071.0,72071.1,97532727,-304.5,0.0001,UTC+8,"[-0.0042, 0.0714, 0.0966, 0.0861, 0.2168, 1.0791]","[0.0088, -0.0091, -0.0042]"
1730291093105,BTC_USDT,72070.1,-0.0042,72070.2,72061.0,960158037,6944558403.70665,79267.1,64854.9,70903.1,73659.2,72069.2,72069.3,97939321,-305.5,0.0001,UTC+8,"[-0.0042, 0.0714, 0.0966, 0.0861, 0.2168, 1.079]","[0.0088, -0.0092, -0.0042]"
1730291095125,BTC_USDT,72063.7,-0.0043,72065.9,72060.0,960171697,6944656849.43274,79266.0,64854.0,70903.1,73659.2,72063.6,72063.7,97955090,-311.9,0.0001,UTC+8,"[-0.0043, 0.0713, 0.0965, 0.086, 0.2167, 1.0788]","[0.0087, -0.0092, -0.0043]"
1730291097098,BTC_USDT,72063.6,-0.0043,72063.7,72060.0,960171802,6944657601.77676,79266.0,64854.0,70903.1,73659.2,72062.3,72062.4,97955232,-312.0,0.0001,UTC+8,"[-0.0043, 0.0713, 0.0965, 0.086, 0.2167, 1.0788]","[0.0087, -0.0092, -0.0043]"
1730291099103,BTC_USDT,72058.1,-0.0043,72058.1,72051.1,960176565,6944691928.31842,79256.2,64845.9,70903.1,73659.2,72057.1,72057.2,97965389,-317.5,0.0001,UTC+8,"[-0.0043, 0.0712, 0.0964, 0.0859, 0.2166, 1.0787]","[0.0086, -0.0093, -0.0043]"
1730291101091,BTC_USDT,72057.1,-0.0044,72055,72050.9,960176588,6944692090.44695,79255.9,64845.8,70903.1,73659.2,72055.0,72055.1,97429554,-318.5,0.0001,UTC+8,"[-0.0044, 0.0712, 0.0964, 0.0859, 0.2166, 1.0787]","[0.0086, -0.0093, -0.0044]"
1730291104105,BTC_USDT,72055.1,-0.0044,72055.1,72050.0,960182604,6944735435.85954,79255.0,64845.0,70903.1,73659.2,72055.0,72055.1,97431129,-320.5,0.0001,UTC+8,"[-0.0044, 0.0711, 0.0963, 0.0859, 0.2165, 1.0786]","[0.0086, -0.0094, -0.0044]"
1730291106106,BTC_USDT,72067.6,-0.0042,72062.5,72051.8,960191811,6944801793.72749,79256.9,64846.6,70903.1,73659.2,72067.5,72067.6,97521712,-308.0,0.0001,UTC+8,"[-0.0042, 0.0713, 0.0965, 0.0861, 0.2167, 1.079]","[0.0087, -0.0092, -0.0042]"
1730291108105,BTC_USDT,72067.6,-0.0042,72062.2,72051.5,960191922,6944802591.51481,79256.6,64846.3,70903.1,73659.2,72067.5,72067.6,97447594,-308.0,0.0001,UTC+8,"[-0.0042, 0.0713, 0.0965, 0.0861, 0.2167, 1.079]","[0.0087, -0.0092, -0.0042]"
1730291110108,BTC_USDT,72069.5,-0.0042,72067.1,72056.4,960199533,6944857437.83437,79262.0,64850.7,70903.1,73659.2,72069.4,72069.5,97933272,-306.1,0.0001,UTC+8,"[-0.0042, 0.0713, 0.0966, 0.0861, 0.2168, 1.079]","[0.0088, -0.0092, -0.0042]"
1730291113099,BTC_USDT,72071.3,-0.0042,72070.7,72060.0,960201723,6944873225.55658,79266.0,64854.0,70903.1,73659.2,72071.3,72071.4,97469693,-304.3,0.0001,UTC+8,"[-0.0042, 0.0714, 0.0966, 0.0861, 0.2168, 1.0791]","[0.0088, -0.0091, -0.0042]"
1730291115104,BTC_USDT,72076.5,-0.0041,72071.3,72064.6,960202552,6944879199.55319,79271.0,64858.1,70903.1,73659.2,72090.2,72090.3,97547261,-299.1,0.0001,UTC+8,"[-0.0041, 0.0715, 0.0967, 0.0862, 0.2169, 1.0792]","[0.0089, -0.0091, -0.0041]"
1730291117098,BTC_USDT,72088.1,-0.0039,72086.6,72076.0,960205355,6944899401.61939,79283.6,64868.4,70903.1,73659.2,72088.0,72088.1,97473197,-287.5,0.0001,UTC+8,"[-0.0039, 0.0716, 0.0968, 0.0864, 0.2171, 1.0796]","[0.009, -0.0089, -0.0039]"
1730291119096,BTC_USDT,72088.1,-0.0039,72086.7,72076.0,960205633,6944901406.38933,79283.6,64868.4,70903.1,73659.2,72088.0,72088.1,97473889,-287.5,0.0001,UTC+8,"[-0.0039, 0.0716, 0.0968, 0.0864, 0.2171, 1.0796]","[0.009, -0.0089, -0.0039]"
1730291122105,BTC_USDT,72085.0,-0.004,72085,72075.9,960206028,6944904254.49302,79283.4,64868.3,70903.1,73659.2,72078.9,72080.5,97473957,-290.6,0.0001,UTC+8,"[-0.004, 0.0716, 0.0968, 0.0863, 0.217, 1.0795]","[0.009, -0.0089, -0.004]"
1730291124103,BTC_USDT,72071.3,-0.0042,72073.9,72064.3,960206541,6944907951.79089,79270.7,64857.8,70903.1,73659.2,72071.1,72071.2,97474791,-304.3,0.0001,UTC+8,"[-0.0042, 0.0714, 0.0966, 0.0861, 0.2168, 1.0791]","[0.0088, -0.0091, -0.0042]"
1730291126098,BTC_USDT,72067.2,-0.0042,72067.2,72061.6,960215642,6944973540.17834,79267.7,64855.4,70903.1,73659.2,72067.1,72067.2,97946285,-308.4,0.0001,UTC+8,"[-0.0042, 0.0713, 0.0965, 0.086, 0.2167, 1.0789]","[0.0087, -0.0092, -0.0042]"
1730291128101,BTC_USDT,72067.2,-0.0042,72067.1,72061.6,960215734,6944974208.24104,79267.7,64855.4,70903.1,73659.2,72067.1,72067.2,97946462,-308.4,0.0001,UTC+8,"[-0.0042, 0.0713, 0.0965, 0.086, 0.2167, 1.0789]","[0.0087, -0.0092, -0.0042]"
1730291130114,BTC_USDT,72067.1,-0.0042,72067.2,72061.6,960217129,6944984261.60165,79267.7,64855.4,70903.1,73659.2,72067.1,72067.2,97946646,-308.5,0.0001,UTC+8,"[-0.0042, 0.0713, 0.0965, 0.086, 0.2167, 1.0789]","[0.0087, -0.0092, -0.0042]"
