timestamp,symbol,lastPrice,riseFallRate,fairPrice,indexPrice,volume24,amount24,maxBidPrice,minAskPrice,lower24Price,high24Price,bid1,ask1,holdVol,riseFallValue,fundingRate,zone,riseFallRates,riseFallRatesOfTimezone
1735205212164,BTC_USDT,95656.1,-0.0288,95670.9,95710.5,879302050,8640894984.68649,105281.5,86139.4,95572.9,99949.9,95656,95656.1,166994953,-2837.2,6.6e-05,UTC+8,"[-0.0288, -0.0837, -0.004, 0.4671, 0.5671, 1.2548]","[-0.0243, -0.0374, -0.0288]"
1735205214159,BTC_USDT,95630.0,-0.029,95643.1,95682.8,879320245,8641069009.72384,105251.0,86114.5,95572.9,99949.9,95628,95628.1,166963878,-2863.3,6.6e-05,UTC+8,"[-0.029, -0.0839, -0.0042, 0.4667, 0.5666, 1.2541]","[-0.0246, -0.0377, -0.029]"
1735205217158,BTC_USDT,95602.1,-0.0293,95605.0,95644.6,879349500,8641348724.51635,105209.0,86080.1,95572.9,99949.9,95600,95600.1,167013525,-2891.2,6.6e-05,UTC+8,"[-0.0293, -0.0842, -0.0045, 0.4662, 0.5662, 1.2535]","[-0.0249, -0.038, -0.0293]"
1735205219157,BTC_USDT,95600.0,-0.0293,95604.7,95644.4,879487032,8642663530.49675,105208.8,86079.9,95572.9,99949.9,95600,95600.1,166994258,-2893.3,6.6e-05,UTC+8,"[-0.0293, -0.0842, -0.0045, 0.4662, 0.5661, 1.2534]","[-0.0249, -0.038, -0.0293]"
1735205221165,BTC_USDT,95600.1,-0.0293,95604.8,95644.5,879495526,8642744733.17397,105208.9,86080.0,95572.9,99949.9,95600,95600.1,166995367,-2893.2,6.6e-05,UTC+8,"[-0.0293, -0.0842, -0.0045, 0.4662, 0.5661, 1.2534]","[-0.0249, -0.038, -0.0293]"
1735205223160,BTC_USDT,95600.1,-0.0293,95604.8,95644.6,879517559,8642955368.85105,105209.0,86080.1,95572.9,99949.9,95600,95600.1,167001130,-2893.2,6.6e-05,UTC+8,"[-0.0293, -0.0842, -0.0045, 0.4662, 0.5661, 1.2534]","[-0.0249, -0.038, -0.0293]"
1735205226165,BTC_USDT,95601.0,-0.0293,95604.7,95644.6,879607446,8643814693.23043,105209.0,86080.1,95572.9,99949.9,95601,95601.1,167109814,-2892.3,6.6e-05,UTC+8,"[-0.0293, -0.0842, -0.0045, 0.4662, 0.5662, 1.2535]","[-0.0249, -0.038, -0.0293]"
1735205228165,BTC_USDT,95601.1,-0.0293,95604.7,95644.6,879620623,8643940666.69002,105209.0,86080.1,95572.9,99949.9,95601,95601.1,167115844,-2892.2,6.6e-05,UTC+8,"[-0.0293, -0.0842, -0.0045, 0.4662, 0.5662, 1.2535]","[-0.0249, -0.038, -0.0293]"
1735205417158,BTC_USDT,95594.4,-0.0294,95594.3,95625,882575555,8672184708.16021,105187.5,86062.5,95520,99949.9,95594.3,95594.4,166778053,-2898.9,6.6e-05,UTC+8,"[-0.0294, -0.0843, -0.0046, 0.4661, 0.566, 1.2533]","[-0.025, -0.038, -0.0294]"
1735205420161,BTC_USDT,95588.4,-0.0294,95588.3,95627.4,882582299,8672249176.98116,105190.1,86064.6,95520,99949.9,95588.3,95588.4,166781584,-2904.9,6.6e-05,UTC+8,"[-0.0294, -0.0843, -0.0047, 0.466, 0.5659, 1.2532]","[-0.025, -0.0381, -0.0294]"
1735205422167,BTC_USDT,95588.4,-0.0294,95588.3,95627.4,882584846,8672273523.33493,105190.1,86064.6,95520,99949.9,95588.3,95588.4,166787251,-2904.9,6.6e-05,UTC+8,"[-0.0294, -0.0843, -0.0047, 0.466, 0.5659, 1.2532]","[-0.025, -0.0381, -0.0294]"
1735205424161,BTC_USDT,95588.4,-0.0294,95588.4,95622.8,882776009,8674100817.97437,105185.0,86060.5,95520,99949.9,95588.3,95588.4,167278860,-2904.9,6.6e-05,UTC+8,"[-0.0294, -0.0843, -0.0047, 0.466, 0.5659, 1.2532]","[-0.025, -0.0381, -0.0294]"
1735205426164,BTC_USDT,95571.9,-0.0296,95571.8,95610.6,882788798,8674223053.71341,105171.6,86049.5,95520,99949.9,95571.8,95571.9,167283745,-2921.4,6.6e-05,UTC+8,"[-0.0296, -0.0845, -0.0048, 0.4658, 0.5657, 1.2528]","[-0.0252, -0.0383, -0.0296]"
1735205429163,BTC_USDT,95589.4,-0.0294,95582.3,95621.6,883058803,8676803825.99404,105183.7,86059.4,95520,99949.9,95589.3,95589.4,167301046,-2903.9,6.6e-05,UTC+8,"[-0.0294, -0.0843, -0.0046, 0.466, 0.566, 1.2532]","[-0.025, -0.0381, -0.0294]"
1735205431201,BTC_USDT,95615.7,-0.0292,95599.1,95639.9,883062178,8676836091.69837,105203.8,86075.9,95520,99949.9,95615.7,95615.8,167302159,-2877.6,6.6e-05,UTC+8,"[-0.0292, -0.084, -0.0044, 0.4664, 0.5664, 1.2538]","[-0.0248, -0.0378, -0.0292]"
1735205433155,BTC_USDT,95620.1,-0.0291,95620.2,95653.9,883092027,8677121508.34394,105219.2,86088.5,95520,99949.9,95620.1,95620.2,167351547,-2873.2,6.6e-05,UTC+8,"[-0.0291, -0.084, -0.0043, 0.4665, 0.5665, 1.2539]","[-0.0247, -0.0378, -0.0291]"
1735205435160,BTC_USDT,95604.9,-0.0293,95608.4,95648.8,883102171,8677218490.67832,105213.6,86083.9,95520,99949.9,95604.9,95605.0,167376553,-2888.4,6.6e-05,UTC+8,"[-0.0293, -0.0842, -0.0045, 0.4663, 0.5662, 1.2536]","[-0.0249, -0.0379, -0.0293]"
1735205438165,BTC_USDT,95604.3,-0.0293,95604.3,95644.4,883106909,8677263788.0303,105208.8,86079.9,95520,99949.9,95604.2,95604.3,166322826,-2889.0,6.6e-05,UTC+8,"[-0.0293, -0.0842, -0.0045, 0.4663, 0.5662, 1.2535]","[-0.0249, -0.0379, -0.0293]"
1735205440157,BTC_USDT,95608.9,-0.0292,95616.3,95644.6,883109603,8677289545.75736,105209.0,86080.1,95520,99949.9,95608.8,95608.9,166329007,-2884.4,6.6e-05,UTC+8,"[-0.0292, -0.0841, -0.0044, 0.4663, 0.5663, 1.2536]","[-0.0248, -0.0379, -0.0292]"
1735205442165,BTC_USDT,95614.6,-0.0292,95608.9,95644.7,883112498,8677317224.80834,105209.1,86080.2,95520,99949.9,95614.6,95614.7,166330303,-2878.7,6.6e-05,UTC+8,"[-0.0292, -0.0841, -0.0044, 0.4664, 0.5664, 1.2538]","[-0.0248, -0.0378, -0.0292]"
1735205444163,BTC_USDT,95604.3,-0.0293,95604.4,95644.5,883158438,8677756431.48904,105208.9,86080.0,95520,99949.9,95604.3,95604.4,166445377,-2889.0,6.6e-05,UTC+8,"[-0.0293, -0.0842, -0.0045, 0.4663, 0.5662, 1.2535]","[-0.0249, -0.0379, -0.0293]"
1735205447163,BTC_USDT,95604.4,-0.0293,95604.4,95644.3,883158623,8677758200.17,105208.7,86079.8,95520,99949.9,95604.3,95604.4,166445751,-2888.9,6.6e-05,UTC+8,"[-0.0293, -0.0842, -0.0045, 0.4663, 0.5662, 1.2535]","[-0.0249, -0.0379, -0.0293]"
1735205449163,BTC_USDT,95604.3,-0.0293,95604.4,95644.4,883159286,8677764538.73863,105208.8,86079.9,95520,99949.9,95604.3,95604.4,166447162,-2889.0,6.6e-05,UTC+8,"[-0.0293, -0.0842, -0.0045, 0.4663, 0.5662, 1.2535]","[-0.0249, -0.0379, -0.0293]"
1735205451162,BTC_USDT,95604.4,-0.0293,95604.4,95644.5,883159568,8677767234.78074,105208.9,86080.0,95520,99949.9,95604.3,95604.4,166447566,-2888.9,6.6e-05,UTC+8,"[-0.0293, -0.0842, -0.0045, 0.4663, 0.5662, 1.2535]","[-0.0249, -0.0379, -0.0293]"
1735205453167,BTC_USDT,95604.4,-0.0293,95604.4,95644.5,883162035,8677790820.37432,105208.9,86080.0,95520,99949.9,95604.3,95604.4,166447753,-2888.9,6.6e-05,UTC+8,"[-0.0293, -0.0842, -0.0045, 0.4663, 0.5662, 1.2535]","[-0.0249, -0.0379, -0.0293]"
1735205456162,BTC_USDT,95604.1,-0.0293,95604.5,95644.5,883165511,8677824052.43305,105208.9,86080.0,95520,99949.9,95604.1,95604.2,166455831,-2889.2,6.6e-05,UTC+8,"[-0.0293, -0.0842, -0.0045, 0.4663, 0.5662, 1.2535]","[-0.0249, -0.0379, -0.0293]"
1735205458168,BTC_USDT,95604.2,-0.0293,95604.5,95644.5,883166037,8677829081.21087,105208.9,86080.0,95520,99949.9,95604.1,95604.2,166460619,-2889.1,6.6e-05,UTC+8,"[-0.0293, -0.0842, -0.0045, 0.4663, 0.5662, 1.2535]","[-0.0249, -0.0379, -0.0293]"
1735205460169,BTC_USDT,95604.2,-0.0293,95604.5,95644.5,883170437,8677871147.04208,105208.9,86080.0,95520,99949.9,95604.1,95604.2,166461328,-2889.1,6.6e-05,UTC+8,"[-0.0293, -0.0842, -0.0045, 0.4663, 0.5662, 1.2535]","[-0.0249, -0.0379, -0.0293]"
1735205463142,BTC_USDT,95604.2,-0.0293,95604.4,95644.4,883173276,8677898289.0556,105208.8,86079.9,95520,99949.9,95604.1,95604.2,166467366,-2889.1,6.6e-05,UTC+8,"[-0.0293, -0.0842, -0.0045, 0.4663, 0.5662, 1.2535]","[-0.0249, -0.0379, -0.0293]"
1735205465165,BTC_USDT,95604.1,-0.0293,95604.4,95644.4,883175370,8677918308.56969,105208.8,86079.9,95520,99949.9,95604.1,95604.2,166467373,-2889.2,6.6e-05,UTC+8,"[-0.0293, -0.0842, -0.0045, 0.4663, 0.5662, 1.2535]","[-0.0249, -0.0379, -0.0293]"
1735205467165,BTC_USDT,95604.2,-0.0293,95604.5,95644.5,883178715,8677950288.15732,105208.9,86080.0,95520,99949.9,95604.1,95604.2,166465764,-2889.1,6.6e-05,UTC+8,"[-0.0293, -0.0842, -0.0045, 0.4663, 0.5662, 1.2535]","[-0.0249, -0.0379, -0.0293]"
1735205469180,BTC_USDT,95604.2,-0.0293,95604.5,95644.5,883179490,8677957697.47904,105208.9,86080.0,95520,99949.9,95604.1,95604.2,166464936,-2889.1,6.6e-05,UTC+8,"[-0.0293, -0.0842, -0.0045, 0.4663, 0.5662, 1.2535]","[-0.0249, -0.0379, -0.0293]"
1735205472163,BTC_USDT,95604.1,-0.0293,95604.6,95644.5,883183256,8677993702.00749,105208.9,86080.0,95520,99949.9,95604.1,95604.2,166465706,-2889.2,6.6e-05,UTC+8,"[-0.0293, -0.0842, -0.0045, 0.4663, 0.5662, 1.2535]","[-0.0249, -0.0379, -0.0293]"
1735205474166,BTC_USDT,95604.1,-0.0293,95604.6,95644.5,883192439,8678081495.31569,105208.9,86080.0,95520,99949.9,95604.1,95604.2,166467974,-2889.2,6.6e-05,UTC+8,"[-0.0293, -0.0842, -0.0045, 0.4663, 0.5662, 1.2535]","[-0.0249, -0.0379, -0.0293]"
1735205476166,BTC_USDT,95604.2,-0.0293,95604.6,95644.4,883193738,8678093914.29592,105208.8,86079.9,95520,99949.9,95604.1,95604.2,166468590,-2889.1,6.6e-05,UTC+8,"[-0.0293, -0.0842, -0.0045, 0.4663, 0.5662, 1.2535]","[-0.0249, -0.0379, -0.0293]"
1735205478157,BTC_USDT,95604.2,-0.0293,95604.7,95644.4,883195353,8678109354.36846,105208.8,86079.9,95520,99949.9,95604.1,95604.2,166473478,-2889.1,6.6e-05,UTC+8,"[-0.0293, -0.0842, -0.0045, 0.4663, 0.5662, 1.2535]","[-0.0249, -0.0379, -0.0293]"
1735205481167,BTC_USDT,95604.2,-0.0293,95604.8,95644.5,883197828,8678133016.40366,105208.9,86080.0,95520,99949.9,95604.1,95604.2,166477158,-2889.1,6.6e-05,UTC+8,"[-0.0293, -0.0842, -0.0045, 0.4663, 0.5662, 1.2535]","[-0.0249, -0.0379, -0.0293]"
1735205483164,BTC_USDT,95604.2,-0.0293,95604.8,95644.5,883198174,8678136324.30886,105208.9,86080.0,95520,99949.9,95604.1,95604.2,166478292,-2889.1,6.6e-05,UTC+8,"[-0.0293, -0.0842, -0.0045, 0.4663, 0.5662, 1.2535]","[-0.0249, -0.0379, -0.0293]"
1735205485166,BTC_USDT,95604.2,-0.0293,95604.8,95644.5,883200123,8678154957.56111,105208.9,86080.0,95520,99949.9,95604.1,95604.2,166483029,-2889.1,6.6e-05,UTC+8,"[-0.0293, -0.0842, -0.0045, 0.4663, 0.5662, 1.2535]","[-0.0249, -0.0379, -0.0293]"
1735205487168,BTC_USDT,95604.2,-0.0293,95604.8,95644.5,883212925,8678277350.11519,105208.9,86080.0,95520,99949.9,95604.2,95604.3,166609987,-2889.1,6.6e-05,UTC+8,"[-0.0293, -0.0842, -0.0045, 0.4663, 0.5662, 1.2535]","[-0.0249, -0.0379, -0.0293]"
1735205490168,BTC_USDT,95604.2,-0.0293,95604.9,95644.5,883252680,8678657424.7286,105208.9,86080.0,95520,99949.9,95604.2,95604.3,166612478,-2889.1,6.6e-05,UTC+8,"[-0.0293, -0.0842, -0.0045, 0.4663, 0.5662, 1.2535]","[-0.0249, -0.0379, -0.0293]"
1735205492205,BTC_USDT,95604.2,-0.0293,95604.9,95644.5,883255739,8678686670.06872,105208.9,86080.0,95520,99949.9,95604.2,95604.3,166618976,-2889.1,6.6e-05,UTC+8,"[-0.0293, -0.0842, -0.0045, 0.4663, 0.5662, 1.2535]","[-0.0249, -0.0379, -0.0293]"
1735205494167,BTC_USDT,95604.2,-0.0293,95604.9,95644.5,883261877,8678745351.95729,105208.9,86080.0,95520,99949.9,95604.2,95604.3,166482583,-2889.1,6.6e-05,UTC+8,"[-0.0293, -0.0842, -0.0045, 0.4663, 0.5662, 1.2535]","[-0.0249, -0.0379, -0.0293]"
1735205496167,BTC_USDT,95604.2,-0.0293,95604.9,95644.5,883266510,8678789645.42019,105208.9,86080.0,95520,99949.9,95604.2,95604.3,166489322,-2889.1,6.6e-05,UTC+8,"[-0.0293, -0.0842, -0.0045, 0.4663, 0.5662, 1.2535]","[-0.0249, -0.0379, -0.0293]"
1735205499181,BTC_USDT,95604.3,-0.0293,95605.0,95644.5,883269185,8678815219.55645,105208.9,86080.0,95520,99949.9,95604.2,95604.3,166491561,-2889.0,6.6e-05,UTC+8,"[-0.0293, -0.0842, -0.0045, 0.4663, 0.5662, 1.2535]","[-0.0249, -0.0379, -0.0293]"
1735205501156,BTC_USDT,95604.3,-0.0293,95605.1,95644.5,883271005,8678832619.52788,105208.9,86080.0,95520,99949.9,95604.2,95604.3,166493887,-2889.0,6.6e-05,UTC+8,"[-0.0293, -0.0842, -0.0045, 0.4663, 0.5662, 1.2535]","[-0.0249, -0.0379, -0.0293]"
1735205503167,BTC_USDT,95604.2,-0.0293,95605.1,95644.5,883274443,8678865488.27804,105208.9,86080.0,95520,99949.9,95604.2,95604.3,166494945,-2889.1,6.6e-05,UTC+8,"[-0.0293, -0.0842, -0.0045, 0.4663, 0.5662, 1.2535]","[-0.0249, -0.0379, -0.0293]"
1735205505162,BTC_USDT,95604.3,-0.0293,95605.0,95644.4,883274498,8678866014.10156,105208.8,86079.9,95520,99949.9,95604.2,95604.3,166495017,-2889.0,6.6e-05,UTC+8,"[-0.0293, -0.0842, -0.0045, 0.4663, 0.5662, 1.2535]","[-0.0249, -0.0379, -0.0293]"
1735205508155,BTC_USDT,95645.1,-0.0289,95640.9,95671.1,883286301,8678978868.30132,105238.2,86103.9,95520,99949.9,95631.1,95631.2,166535697,-2848.2,6.6e-05,UTC+8,"[-0.0289, -0.0838, -0.0041, 0.4669, 0.5669, 1.2545]","[-0.0245, -0.0375, -0.0289]"
1735205510152,BTC_USDT,95620.6,-0.0291,95626.5,95656.5,883569116,8681683328.20441,105222.1,86090.8,95520,99949.9,95620.6,95620.7,167221839,-2872.7,6.6e-05,UTC+8,"[-0.0291, -0.084, -0.0043, 0.4665, 0.5665, 1.2539]","[-0.0247, -0.0378, -0.0291]"
1735205512155,BTC_USDT,95619.9,-0.0291,95620.0,95656.3,883586367,8681848283.35358,105221.9,86090.6,95520,99949.9,95619.9,95620.0,167262159,-2873.4,6.6e-05,UTC+8,"[-0.0291, -0.084, -0.0043, 0.4665, 0.5665, 1.2539]","[-0.0247, -0.0378, -0.0291]"
1735205514162,BTC_USDT,95616.0,-0.0292,95619.9,95656.2,883588993,8681873393.12356,105221.8,86090.5,95520,99949.9,95616.0,95616.1,167268466,-2877.3,6.6e-05,UTC+8,"[-0.0292, -0.084, -0.0044, 0.4665, 0.5664, 1.2538]","[-0.0247, -0.0378, -0.0292]"
1735205517167,BTC_USDT,95616.0,-0.0292,95617.1,95656.3,883600903,8681987271.83363,105221.9,86090.6,95520,99949.9,95616.0,95616.1,167287118,-2877.3,6.6e-05,UTC+8,"[-0.0292, -0.084, -0.0044, 0.4665, 0.5664, 1.2538]","[-0.0247, -0.0378, -0.0292]"
1735205519161,BTC_USDT,95616.1,-0.0292,95617.1,95656.3,883605813,8682034219.32803,105221.9,86090.6,95520,99949.9,95614.1,95614.2,167300942,-2877.2,6.6e-05,UTC+8,"[-0.0292, -0.084, -0.0044, 0.4665, 0.5664, 1.2538]","[-0.0247, -0.0378, -0.0292]"
1735205521165,BTC_USDT,95614.2,-0.0292,95614.2,95651.9,883607597,8682051277.0374,105217.0,86086.7,95520,99949.9,95614.1,95614.2,167301475,-2879.1,6.6e-05,UTC+8,"[-0.0292, -0.0841, -0.0044, 0.4664, 0.5664, 1.2538]","[-0.0248, -0.0378, -0.0292]"
1735205523196,BTC_USDT,95619.8,-0.0291,95614.2,95652.1,883607770,8682052931.18926,105217.3,86086.8,95520,99949.9,95619.8,95619.9,167301925,-2873.5,6.6e-05,UTC+8,"[-0.0291, -0.084, -0.0043, 0.4665, 0.5665, 1.2539]","[-0.0247, -0.0378, -0.0291]"
1735205526157,BTC_USDT,95619.9,-0.0291,95619.9,95652.2,883608987,8682064568.12222,105217.4,86086.9,95520,99949.9,95619.8,95619.9,167302663,-2873.4,6.6e-05,UTC+8,"[-0.0291, -0.084, -0.0043, 0.4665, 0.5665, 1.2539]","[-0.0247, -0.0378, -0.0291]"
1735205528140,BTC_USDT,95606.0,-0.0293,95607.8,95646.7,883614195,8682114364.54163,105211.3,86082.0,95520,99949.9,95606.0,95606.1,167312948,-2887.3,6.6e-05,UTC+8,"[-0.0293, -0.0841, -0.0045, 0.4663, 0.5662, 1.2536]","[-0.0249, -0.0379, -0.0293]"
1735205530167,BTC_USDT,95588.9,-0.0294,95586.7,95624.9,883647118,8682429071.23228,105187.3,86062.4,95520,99949.9,95596.7,95596.8,167332680,-2904.4,6.6e-05,UTC+8,"[-0.0294, -0.0843, -0.0047, 0.466, 0.566, 1.2532]","[-0.025, -0.0381, -0.0294]"
1735205533165,BTC_USDT,95592.0,-0.0294,95594.9,95633.8,883663533,8682585992.83422,105197.1,86070.4,95520,99949.9,95595.7,95595.8,167247212,-2901.3,6.6e-05,UTC+8,"[-0.0294, -0.0843, -0.0046, 0.4661, 0.566, 1.2533]","[-0.025, -0.0381, -0.0294]"
1735205535169,BTC_USDT,95595.7,-0.0294,95595.8,95633.8,883664532,8682595542.82172,105197.1,86070.4,95520,99949.9,95595.7,95595.8,167248393,-2897.6,6.6e-05,UTC+8,"[-0.0294, -0.0842, -0.0046, 0.4661, 0.5661, 1.2533]","[-0.025, -0.038, -0.0294]"
1735205537164,BTC_USDT,95595.7,-0.0294,95595.8,95633.8,883666816,8682617376.89048,105197.1,86070.4,95520,99949.9,95595.7,95595.8,167253523,-2897.6,6.6e-05,UTC+8,"[-0.0294, -0.0842, -0.0046, 0.4661, 0.5661, 1.2533]","[-0.025, -0.038, -0.0294]"
1735205539168,BTC_USDT,95595.8,-0.0294,95595.8,95633.8,883667816,8682626936.46573,105197.1,86070.4,95520,99949.9,95595.7,95595.8,167254747,-2897.5,6.6e-05,UTC+8,"[-0.0294, -0.0842, -0.0046, 0.4661, 0.5661, 1.2533]","[-0.025, -0.038, -0.0294]"
1735205542169,BTC_USDT,95586.7,-0.0295,95590.1,95624.4,883685598,8682796909.56863,105186.8,86061.9,95520,99949.9,95586.6,95586.7,167260748,-2906.6,6.6e-05,UTC+8,"[-0.0295, -0.0843, -0.0047, 0.466, 0.5659, 1.2531]","[-0.025, -0.0381, -0.0295]"
1735205544164,BTC_USDT,95586.6,-0.0295,95586.6,95624.4,883688696,8682826522.32432,105186.8,86061.9,95520,99949.9,95586.6,95586.7,167262634,-2906.7,6.6e-05,UTC+8,"[-0.0295, -0.0843, -0.0047, 0.466, 0.5659, 1.2531]","[-0.025, -0.0381, -0.0295]"
1735205546164,BTC_USDT,95586.7,-0.0295,95586.6,95624.4,883694828,8682885136.04433,105186.8,86061.9,95520,99949.9,95586.6,95586.7,167272902,-2906.6,6.6e-05,UTC+8,"[-0.0295, -0.0843, -0.0047, 0.466, 0.5659, 1.2531]","[-0.025, -0.0381, -0.0295]"
1735205548164,BTC_USDT,95586.6,-0.0295,95586.6,95624.5,883695755,8682893996.93133,105186.9,86062.0,95520,99949.9,95586.6,95586.7,167272970,-2906.7,6.6e-05,UTC+8,"[-0.0295, -0.0843, -0.0047, 0.466, 0.5659, 1.2531]","[-0.025, -0.0381, -0.0295]"
1735205551162,BTC_USDT,95586.6,-0.0295,95586.7,95624.5,883705057,8682982911.65044,105186.9,86062.0,95520,99949.9,95586.6,95586.7,167295607,-2906.7,6.6e-05,UTC+8,"[-0.0295, -0.0843, -0.0047, 0.466, 0.5659, 1.2531]","[-0.025, -0.0381, -0.0295]"
1735205553199,BTC_USDT,95586.6,-0.0295,95586.6,95624.5,883706428,8682996016.58289,105186.9,86062.0,95520,99949.9,95586.6,95586.7,167298814,-2906.7,6.6e-05,UTC+8,"[-0.0295, -0.0843, -0.0047, 0.466, 0.5659, 1.2531]","[-0.025, -0.0381, -0.0295]"
1735205555170,BTC_USDT,95619.8,-0.0291,95611.4,95650,883706784,8682999419.77226,105215.0,86085.0,95520,99949.9,95619.7,95619.8,167299239,-2873.5,6.6e-05,UTC+8,"[-0.0291, -0.084, -0.0043, 0.4665, 0.5665, 1.2539]","[-0.0247, -0.0378, -0.0291]"
1735205557168,BTC_USDT,95620.8,-0.0291,95620.7,95652.4,883707520,8683006457.41253,105217.6,86087.1,95520,99949.9,95620.7,95620.8,167300989,-2872.5,6.6e-05,UTC+8,"[-0.0291, -0.084, -0.0043, 0.4665, 0.5665, 1.2539]","[-0.0247, -0.0378, -0.0291]"
1735205560164,BTC_USDT,95595.8,-0.0294,95596.9,95635.4,883709185,8683022375.55895,105198.9,86071.8,95520,99949.9,95595.0,95595.1,167225695,-2897.5,6.6e-05,UTC+8,"[-0.0294, -0.0842, -0.0046, 0.4661, 0.5661, 1.2533]","[-0.025, -0.038, -0.0294]"
1735205562163,BTC_USDT,95595.0,-0.0294,95595.1,95628.5,883710549,8683035414.72218,105191.3,86065.6,95520,99949.9,95595.0,95595.1,167228643,-2898.3,6.6e-05,UTC+8,"[-0.0294, -0.0842, -0.0046, 0.4661, 0.5661, 1.2533]","[-0.025, -0.038, -0.0294]"
1735205564165,BTC_USDT,95595.0,-0.0294,95595.0,95628.5,883711001,8683039735.61786,105191.3,86065.6,95520,99949.9,95595.0,95595.1,167229021,-2898.3,6.6e-05,UTC+8,"[-0.0294, -0.0842, -0.0046, 0.4661, 0.5661, 1.2533]","[-0.025, -0.038, -0.0294]"
1735205567168,BTC_USDT,95595.1,-0.0294,95595.1,95628.4,883712468,8683053759.41089,105191.2,86065.5,95520,99949.9,95595.0,95595.1,167230346,-2898.2,6.6e-05,UTC+8,"[-0.0294, -0.0842, -0.0046, 0.4661, 0.5661, 1.2533]","[-0.025, -0.038, -0.0294]"
1735205569160,BTC_USDT,95595.1,-0.0294,95595.0,95628.4,883712494,8683054007.95805,105191.2,86065.5,95520,99949.9,95595.0,95595.1,167230346,-2898.2,6.6e-05,UTC+8,"[-0.0294, -0.0842, -0.0046, 0.4661, 0.5661, 1.2533]","[-0.025, -0.038, -0.0294]"
1735205571165,BTC_USDT,95595.1,-0.0294,95595.1,95628.4,883712799,8683056923.60787,105191.2,86065.5,95520,99949.9,95595.0,95595.1,167230825,-2898.2,6.6e-05,UTC+8,"[-0.0294, -0.0842, -0.0046, 0.4661, 0.5661, 1.2533]","[-0.025, -0.038, -0.0294]"
1735205573166,BTC_USDT,95595.1,-0.0294,95595.1,95628.4,883719858,8683124404.18805,105191.2,86065.5,95520,99949.9,95595.0,95595.1,167230998,-2898.2,6.6e-05,UTC+8,"[-0.0294, -0.0842, -0.0046, 0.4661, 0.5661, 1.2533]","[-0.025, -0.038, -0.0294]"
1735205576174,BTC_USDT,95586.7,-0.0295,95589.5,95627.7,883736968,8683287959.88817,105190.4,86064.9,95520,99949.9,95586.6,95586.7,167234943,-2906.6,6.6e-05,UTC+8,"[-0.0295, -0.0843, -0.0047, 0.466, 0.5659, 1.2531]","[-0.025, -0.0381, -0.0295]"
1735205578168,BTC_USDT,95586.7,-0.0295,95589.6,95627.8,883743847,8683353713.94844,105190.5,86065.0,95520,99949.9,95586.6,95586.7,167247259,-2906.6,6.6e-05,UTC+8,"[-0.0295, -0.0843, -0.0047, 0.466, 0.5659, 1.2531]","[-0.025, -0.0381, -0.0295]"
1735205580173,BTC_USDT,95586.7,-0.0295,95589.5,95627.8,883748153,8683394873.54385,105190.5,86065.0,95520,99949.9,95586.6,95586.7,167248677,-2906.6,6.6e-05,UTC+8,"[-0.0295, -0.0843, -0.0047, 0.466, 0.5659, 1.2531]","[-0.025, -0.0381, -0.0295]"
1735205582167,BTC_USDT,95585.6,-0.0295,95586.6,95621.1,883756603,8683475644.17965,105183.2,86058.9,95520,99949.9,95579.0,95579.1,167264323,-2907.7,6.6e-05,UTC+8,"[-0.0295, -0.0843, -0.0047, 0.466, 0.5659, 1.2531]","[-0.0251, -0.0381, -0.0295]"
1735205585167,BTC_USDT,95577.6,-0.0296,95578.4,95616.7,883766255,8683567897.94498,105178.3,86055.0,95520,99949.9,95577.6,95577.7,167267962,-2915.7,6.6e-05,UTC+8,"[-0.0296, -0.0844, -0.0048, 0.4659, 0.5658, 1.2529]","[-0.0251, -0.0382, -0.0296]"
1735205587166,BTC_USDT,95577.7,-0.0296,95578.6,95616.8,883780930,8683708158.08943,105178.4,86055.1,95520,99949.9,95577.6,95577.7,167273010,-2915.6,6.6e-05,UTC+8,"[-0.0296, -0.0844, -0.0048, 0.4659, 0.5658, 1.2529]","[-0.0251, -0.0382, -0.0296]"
1735205589180,BTC_USDT,95577.7,-0.0296,95578.6,95616.8,883784425,8683741562.48048,105178.4,86055.1,95520,99949.9,95577.6,95577.7,167278446,-2915.6,6.6e-05,UTC+8,"[-0.0296, -0.0844, -0.0048, 0.4659, 0.5658, 1.2529]","[-0.0251, -0.0382, -0.0296]"
1735205591165,BTC_USDT,95577.6,-0.0296,95578.6,95616.8,883784908,8683746178.8828,105178.4,86055.1,95520,99949.9,95577.6,95577.7,167279256,-2915.7,6.6e-05,UTC+8,"[-0.0296, -0.0844, -0.0048, 0.4659, 0.5658, 1.2529]","[-0.0251, -0.0382, -0.0296]"
1735205594166,BTC_USDT,95580.2,-0.0295,95580.2,95616.8,883785709,8683753834.71916,105178.4,86055.1,95520,99949.9,95580.2,95580.3,167195520,-2913.1,6.6e-05,UTC+8,"[-0.0295, -0.0844, -0.0047, 0.4659, 0.5658, 1.253]","[-0.0251, -0.0382, -0.0295]"
1735205596164,BTC_USDT,95580.2,-0.0295,95580.2,95616.7,883785930,8683755947.04211,105178.3,86055.0,95520,99949.9,95580.2,95580.3,167195973,-2913.1,6.6e-05,UTC+8,"[-0.0295, -0.0844, -0.0047, 0.4659, 0.5658, 1.253]","[-0.0251, -0.0382, -0.0295]"
1735205598162,BTC_USDT,95577.6,-0.0296,95580.3,95616.7,883789121,8683786446.20275,105178.3,86055.0,95520,99949.9,95577.6,95577.7,167204120,-2915.7,6.6e-05,UTC+8,"[-0.0296, -0.0844, -0.0048, 0.4659, 0.5658, 1.2529]","[-0.0251, -0.0382, -0.0296]"
1735205600159,BTC_USDT,95577.7,-0.0296,95578.6,95616.7,883790666,8683801212.9505,105178.3,86055.0,95520,99949.9,95577.6,95577.7,167205452,-2915.6,6.6e-05,UTC+8,"[-0.0296, -0.0844, -0.0048, 0.4659, 0.5658, 1.2529]","[-0.0251, -0.0382, -0.0296]"
1735205603165,BTC_USDT,95577.7,-0.0296,95578.4,95616.5,883792745,8683821083.54537,105178.1,86054.8,95520,99949.9,95577.6,95577.7,167206399,-2915.6,6.6e-05,UTC+8,"[-0.0296, -0.0844, -0.0048, 0.4659, 0.5658, 1.2529]","[-0.0251, -0.0382, -0.0296]"
1735205605168,BTC_USDT,95577.6,-0.0296,95578.3,95616.5,883792935,8683822899.52108,105178.1,86054.8,95520,99949.9,95577.6,95577.7,167207464,-2915.7,6.6e-05,UTC+8,"[-0.0296, -0.0844, -0.0048, 0.4659, 0.5658, 1.2529]","[-0.0251, -0.0382, -0.0296]"
1735205607170,BTC_USDT,95540.5,-0.0299,95545.2,95583.2,883846406,8684333797.60945,105141.5,86024.8,95520,99949.9,95540.5,95540.6,167222088,-2952.8,6.6e-05,UTC+8,"[-0.0299, -0.0848, -0.0052, 0.4653, 0.5652, 1.252]","[-0.0255, -0.0386, -0.0299]"
1735205610168,BTC_USDT,95548.9,-0.0298,95548.7,95586.7,883858415,8684448533.5303,105145.3,86028.0,95520,99949.9,95548.8,95548.9,167230321,-2944.4,6.6e-05,UTC+8,"[-0.0298, -0.0847, -0.0051, 0.4654, 0.5653, 1.2522]","[-0.0254, -0.0385, -0.0298]"
1735205612163,BTC_USDT,95540.6,-0.0299,95548.5,95586.6,883867833,8684538513.68504,105145.2,86027.9,95520,99949.9,95540.5,95540.6,167234338,-2952.7,6.6e-05,UTC+8,"[-0.0299, -0.0848, -0.0052, 0.4653, 0.5652, 1.252]","[-0.0255, -0.0386, -0.0299]"
1735205614194,BTC_USDT,95525.0,-0.0301,95540.5,95564.8,883890529,8684755327.98306,105121.2,86008.3,95520,99949.9,95525.0,95525.1,167168757,-2968.3,6.6e-05,UTC+8,"[-0.0301, -0.0849, -0.0053, 0.4651, 0.5649, 1.2517]","[-0.0257, -0.0387, -0.0301]"
1735205616162,BTC_USDT,95504.0,-0.0303,95519.6,95543.9,884100675,8686762515.93349,105098.2,85989.5,95503.7,99949.9,95491.3,95491.4,167427104,-2989.3,6.6e-05,UTC+8,"[-0.0303, -0.0851, -0.0055, 0.4647, 0.5646, 1.2512]","[-0.0259, -0.0389, -0.0303]"
1735205619172,BTC_USDT,95391.4,-0.0314,95400.8,95434.6,885272701,8697949588.77973,104978.0,85891.1,95391.4,99949.9,95399.7,95404.3,167670468,-3101.9,6.6e-05,UTC+8,"[-0.0314, -0.0862, -0.0067, 0.463, 0.5627, 1.2485]","[-0.027, -0.0401, -0.0314]"
1735205621170,BTC_USDT,95455.1,-0.0308,95447.7,95469.5,885627715,8701336987.31788,105016.4,85922.5,95391.4,99949.9,95455.0,95455.1,167715504,-3038.2,6.6e-05,UTC+8,"[-0.0308, -0.0856, -0.006, 0.464, 0.5638, 1.25]","[-0.0264, -0.0394, -0.0308]"
1735205623167,BTC_USDT,95455.3,-0.0308,95461.2,95499.2,885708090,8702104210.87724,105049.1,85949.2,95391.4,99949.9,95455.3,95455.4,167718693,-3038.0,6.6e-05,UTC+8,"[-0.0308, -0.0856, -0.006, 0.464, 0.5638, 1.25]","[-0.0264, -0.0394, -0.0308]"
1735205625169,BTC_USDT,95451.0,-0.0308,95449.3,95487.3,885952745,8704439216.11227,105036.0,85938.5,95391.4,99949.9,95453.2,95453.3,167760507,-3042.3,6.6e-05,UTC+8,"[-0.0308, -0.0856, -0.0061, 0.4639, 0.5637, 1.2499]","[-0.0264, -0.0395, -0.0308]"
1735205628164,BTC_USDT,95472.8,-0.0306,95472.8,95510.8,886041406,8705285657.85258,105061.8,85959.7,95391.4,99949.9,95467.7,95467.8,167910418,-3020.5,6.6e-05,UTC+8,"[-0.0306, -0.0854, -0.0059, 0.4643, 0.5641, 1.2504]","[-0.0262, -0.0393, -0.0306]"
1735205630165,BTC_USDT,95451.2,-0.0308,95463.0,95499.3,886158536,8706403879.74514,105049.2,85949.3,95391.4,99949.9,95440.0,95442.8,168045861,-3042.1,6.6e-05,UTC+8,"[-0.0308, -0.0856, -0.0061, 0.4639, 0.5637, 1.2499]","[-0.0264, -0.0395, -0.0308]"
1735205632160,BTC_USDT,95439.2,-0.031,95439.2,95473.6,886451023,8709195351.21584,105020.9,85926.2,95391.4,99949.9,95439.1,95439.2,168243400,-3054.1,6.6e-05,UTC+8,"[-0.031, -0.0857, -0.0062, 0.4637, 0.5635, 1.2496]","[-0.0266, -0.0396, -0.031]"
1735205634167,BTC_USDT,95446.1,-0.0309,95446.1,95473.7,886524594,8709897508.64915,105021.0,85926.3,95391.4,99949.9,95446.0,95446.1,168280884,-3047.2,6.6e-05,UTC+8,"[-0.0309, -0.0857, -0.0061, 0.4638, 0.5636, 1.2498]","[-0.0265, -0.0395, -0.0309]"
1735205637163,BTC_USDT,95412.0,-0.0312,95446.0,95474.8,886787360,8712405466.71517,105022.2,85927.3,95391.4,99949.9,95412.0,95412.1,164011993,-3081.3,6.6e-05,UTC+8,"[-0.0312, -0.086, -0.0065, 0.4633, 0.5631, 1.249]","[-0.0268, -0.0399, -0.0312]"
1735205639165,BTC_USDT,95428.9,-0.0311,95427.9,95459,886828431,8712797385.36882,105004.9,85913.1,95391.4,99949.9,95428.9,95429.0,164035630,-3064.4,6.6e-05,UTC+8,"[-0.0311, -0.0858, -0.0063, 0.4636, 0.5633, 1.2494]","[-0.0267, -0.0397, -0.0311]"
1735205641168,BTC_USDT,95413.6,-0.0312,95421.0,95458.5,886856553,8713065725.59338,105004.3,85912.6,95391.4,99949.9,95413.6,95413.7,164050682,-3079.7,6.6e-05,UTC+8,"[-0.0312, -0.086, -0.0065, 0.4633, 0.5631, 1.249]","[-0.0268, -0.0399, -0.0312]"
1735205644167,BTC_USDT,95420.5,-0.0311,95420.5,95451.9,887104973,8715435999.31467,104997.0,85906.7,95391.4,99949.9,95420.5,95420.6,164090700,-3072.8,6.6e-05,UTC+8,"[-0.0311, -0.0859, -0.0064, 0.4635, 0.5632, 1.2492]","[-0.0267, -0.0398, -0.0311]"
1735205646162,BTC_USDT,95412.5,-0.0312,95414.3,95451.7,887130234,8715677016.8674,104996.8,85906.5,95391.4,99949.9,95412.5,95412.6,164104869,-3080.8,6.6e-05,UTC+8,"[-0.0312, -0.086, -0.0065, 0.4633, 0.5631, 1.249]","[-0.0268, -0.0399, -0.0312]"
1735205648160,BTC_USDT,95419.4,-0.0312,95419.3,95451.9,887151359,8715878588.96048,104997.0,85906.7,95391.4,99949.9,95419.3,95419.4,164119762,-3073.9,6.6e-05,UTC+8,"[-0.0312, -0.0859, -0.0064, 0.4634, 0.5632, 1.2492]","[-0.0268, -0.0398, -0.0312]"
1735205650157,BTC_USDT,95411.2,-0.0312,95433.9,95471.1,887183269,8716183070.89502,105018.2,85923.9,95391.4,99949.9,95411.2,95411.3,164159049,-3082.1,6.6e-05,UTC+8,"[-0.0312, -0.086, -0.0065, 0.4633, 0.563, 1.249]","[-0.0268, -0.0399, -0.0312]"
1735205653167,BTC_USDT,95416.7,-0.0312,95419.2,95456.3,887210273,8716440725.33731,105001.9,85910.6,95391.4,99949.9,95416.7,95416.8,164176826,-3076.6,6.6e-05,UTC+8,"[-0.0312, -0.086, -0.0064, 0.4634, 0.5631, 1.2491]","[-0.0268, -0.0398, -0.0312]"
1735205655167,BTC_USDT,95409.7,-0.0313,95416.7,95444.7,887222267,8716555167.75732,104989.1,85900.2,95391.4,99949.9,95409.7,95409.8,164183500,-3083.6,6.6e-05,UTC+8,"[-0.0313, -0.086, -0.0065, 0.4633, 0.563, 1.249]","[-0.0269, -0.0399, -0.0313]"
1735205657168,BTC_USDT,95416.7,-0.0312,95412.9,95444.9,887272329,8717032836.56463,104989.3,85900.4,95391.4,99949.9,95419.0,95419.1,163909717,-3076.6,6.6e-05,UTC+8,"[-0.0312, -0.086, -0.0064, 0.4634, 0.5631, 1.2491]","[-0.0268, -0.0398, -0.0312]"
1735205659165,BTC_USDT,95424.4,-0.0311,95421.3,95447,887474440,8718961393.97011,104991.7,85902.3,95391.4,99949.9,95424.3,95424.4,164013296,-3068.9,6.6e-05,UTC+8,"[-0.0311, -0.0859, -0.0064, 0.4635, 0.5633, 1.2493]","[-0.0267, -0.0397, -0.0311]"
1735205662160,BTC_USDT,95447.7,-0.0309,95447.7,95475.6,887504616,8719249400.93438,105023.1,85928.0,95391.4,99949.9,95447.7,95447.8,164074327,-3045.6,6.6e-05,UTC+8,"[-0.0309, -0.0857, -0.0061, 0.4639, 0.5636, 1.2498]","[-0.0265, -0.0395, -0.0309]"
1735205664153,BTC_USDT,95469.4,-0.0307,95463.2,95500,887601100,8720170464.0986,105050.0,85950.0,95391.4,99949.9,95469.4,95469.5,164120342,-3023.9,6.6e-05,UTC+8,"[-0.0307, -0.0854, -0.0059, 0.4642, 0.564, 1.2504]","[-0.0262, -0.0393, -0.0307]"
1735205666153,BTC_USDT,95482.0,-0.0305,95481.9,95518.1,887654961,8720684756.58734,105069.9,85966.2,95391.4,99949.9,95481.9,95482.0,164263849,-3011.3,6.6e-05,UTC+8,"[-0.0305, -0.0853, -0.0058, 0.4644, 0.5642, 1.2507]","[-0.0261, -0.0392, -0.0305]"
1735205668153,BTC_USDT,95445.3,-0.0309,95450.0,95476.1,887670544,8720833517.79074,105023.7,85928.4,95391.4,99949.9,95445.2,95445.3,164380075,-3048.0,6.6e-05,UTC+8,"[-0.0309, -0.0857, -0.0061, 0.4638, 0.5636, 1.2498]","[-0.0265, -0.0395, -0.0309]"
1735205671154,BTC_USDT,95443.9,-0.0309,95445.5,95476.8,887811047,8722174601.71113,105024.4,85929.1,95391.4,99949.9,95443.9,95444.0,164396991,-3049.4,6.6e-05,UTC+8,"[-0.0309, -0.0857, -0.0062, 0.4638, 0.5636, 1.2498]","[-0.0265, -0.0396, -0.0309]"
1735205673165,BTC_USDT,95449.9,-0.0308,95450.0,95480.5,887817521,8722236392.16572,105028.5,85932.4,95391.4,99949.9,95451.8,95451.9,164758442,-3043.4,6.6e-05,UTC+8,"[-0.0308, -0.0856, -0.0061, 0.4639, 0.5637, 1.2499]","[-0.0264, -0.0395, -0.0308]"
1735205675196,BTC_USDT,95443.9,-0.0309,95443.9,95472.5,887979443,8723781936.39794,105019.7,85925.2,95391.4,99949.9,95443.9,95444.0,163802361,-3049.4,6.6e-05,UTC+8,"[-0.0309, -0.0857, -0.0062, 0.4638, 0.5636, 1.2498]","[-0.0265, -0.0396, -0.0309]"
1735205678161,BTC_USDT,95453.0,-0.0308,95451.1,95485.8,887996087,8723940806.65408,105034.3,85937.2,95391.4,99949.9,95453.0,95453.1,163859623,-3040.3,6.6e-05,UTC+8,"[-0.0308, -0.0856, -0.0061, 0.464, 0.5637, 1.25]","[-0.0264, -0.0395, -0.0308]"
1735205680145,BTC_USDT,95451.1,-0.0308,95453.1,95486.1,888006842,8724043467.15618,105034.7,85937.4,95391.4,99949.9,95451.1,95451.2,163871784,-3042.2,6.6e-05,UTC+8,"[-0.0308, -0.0856, -0.0061, 0.4639, 0.5637, 1.2499]","[-0.0264, -0.0395, -0.0308]"
1735205682147,BTC_USDT,95449.7,-0.0309,95451.2,95475.7,888014797,8724119399.27849,105023.2,85928.1,95391.4,99949.9,95449.7,95449.8,163886709,-3043.6,6.6e-05,UTC+8,"[-0.0309, -0.0856, -0.0061, 0.4639, 0.5637, 1.2499]","[-0.0264, -0.0395, -0.0309]"
1735205684159,BTC_USDT,95449.7,-0.0309,95449.8,95480.6,888024211,8724209255.69816,105028.6,85932.5,95391.4,99949.9,95449.7,95449.8,163893960,-3043.6,6.6e-05,UTC+8,"[-0.0309, -0.0856, -0.0061, 0.4639, 0.5637, 1.2499]","[-0.0264, -0.0395, -0.0309]"
1735205687162,BTC_USDT,95449.7,-0.0309,95449.8,95480.7,888057031,8724522521.83765,105028.7,85932.6,95391.4,99949.9,95449.7,95449.8,163974499,-3043.6,6.6e-05,UTC+8,"[-0.0309, -0.0856, -0.0061, 0.4639, 0.5637, 1.2499]","[-0.0264, -0.0395, -0.0309]"
1735205689159,BTC_USDT,95449.8,-0.0309,95449.8,95480.7,888059759,8724548560.53094,105028.7,85932.6,95391.4,99949.9,95449.7,95449.8,163906588,-3043.5,6.6e-05,UTC+8,"[-0.0309, -0.0856, -0.0061, 0.4639, 0.5637, 1.2499]","[-0.0264, -0.0395, -0.0309]"
1735205691167,BTC_USDT,95441.3,-0.0309,95444.0,95476.6,888077515,8724718027.69803,105024.2,85928.9,95391.4,99949.9,95440.3,95440.4,163924308,-3052.0,6.6e-05,UTC+8,"[-0.0309, -0.0857, -0.0062, 0.4638, 0.5635, 1.2497]","[-0.0265, -0.0396, -0.0309]"
1735205694162,BTC_USDT,95440.5,-0.0309,95440.4,95476.6,888288778,8726734330.09586,105024.2,85928.9,95391.4,99949.9,95440.3,95440.5,163926424,-3052.8,6.6e-05,UTC+8,"[-0.0309, -0.0857, -0.0062, 0.4638, 0.5635, 1.2497]","[-0.0265, -0.0396, -0.0309]"
1735205696149,BTC_USDT,95441.4,-0.0309,95441.3,95476.7,888291771,8726762895.61752,105024.3,85929.0,95391.4,99949.9,95441.3,95441.4,163932159,-3051.9,6.6e-05,UTC+8,"[-0.0309, -0.0857, -0.0062, 0.4638, 0.5635, 1.2497]","[-0.0265, -0.0396, -0.0309]"
1735205698143,BTC_USDT,95458.2,-0.0308,95458.1,95486.2,888354860,8727365127.55601,105034.8,85937.5,95391.4,99949.9,95458.1,95458.2,164091078,-3035.1,6.6e-05,UTC+8,"[-0.0308, -0.0856, -0.006, 0.464, 0.5638, 1.2501]","[-0.0264, -0.0394, -0.0308]"
1735205700185,BTC_USDT,95458.1,-0.0308,95458.2,95486.3,888417821,8727966141.92009,105034.9,85937.6,95391.4,99949.9,95458.1,95458.2,164098746,-3035.2,6.6e-05,UTC+8,"[-0.0308, -0.0856, -0.006, 0.464, 0.5638, 1.2501]","[-0.0264, -0.0394, -0.0308]"
1735205703170,BTC_USDT,95449.4,-0.0309,95458.1,95486.1,888438586,8728164360.68255,105034.7,85937.4,95391.4,99949.9,95441.4,95441.5,164107335,-3043.9,6.6e-05,UTC+8,"[-0.0309, -0.0856, -0.0061, 0.4639, 0.5637, 1.2499]","[-0.0264, -0.0395, -0.0309]"
1735205705165,BTC_USDT,95442.6,-0.0309,95442.7,95471.9,888445204,8728227523.92353,105019.0,85924.7,95391.4,99949.9,95442.6,95442.7,164117037,-3050.7,6.6e-05,UTC+8,"[-0.0309, -0.0857, -0.0062, 0.4638, 0.5636, 1.2497]","[-0.0265, -0.0396, -0.0309]"
1735205707169,BTC_USDT,95436.2,-0.031,95436.1,95471.6,888451077,8728283574.17491,105018.7,85924.4,95391.4,99949.9,95436.1,95436.2,164125886,-3057.1,6.6e-05,UTC+8,"[-0.031, -0.0858, -0.0062, 0.4637, 0.5635, 1.2496]","[-0.0266, -0.0396, -0.031]"
1735205709167,BTC_USDT,95431.5,-0.031,95428.3,95464.6,888708040,8730735660.04542,105011.0,85918.1,95391.4,99949.9,95431.4,95431.5,164136474,-3061.8,6.6e-05,UTC+8,"[-0.031, -0.0858, -0.0063, 0.4636, 0.5634, 1.2495]","[-0.0266, -0.0397, -0.031]"
1735205712164,BTC_USDT,95435.4,-0.031,95435.4,95464.9,888711038,8730764271.05801,105011.3,85918.4,95391.4,99949.9,95435.3,95435.4,164141524,-3057.9,6.6e-05,UTC+8,"[-0.031, -0.0858, -0.0062, 0.4637, 0.5634, 1.2496]","[-0.0266, -0.0396, -0.031]"
1735205714167,BTC_USDT,95421.1,-0.0311,95424.3,95455.8,888714542,8730797708.64657,105001.3,85910.2,95391.4,99949.9,95421.0,95421.1,164152980,-3072.2,6.6e-05,UTC+8,"[-0.0311, -0.0859, -0.0064, 0.4635, 0.5632, 1.2492]","[-0.0267, -0.0398, -0.0311]"
1735205716165,BTC_USDT,95420.0,-0.0312,95420.0,95445.5,888783030,8731451221.26697,104990.0,85900.9,95391.4,99949.9,95420.0,95420.1,163309204,-3073.3,6.6e-05,UTC+8,"[-0.0312, -0.0859, -0.0064, 0.4634, 0.5632, 1.2492]","[-0.0267, -0.0398, -0.0312]"
1735205718166,BTC_USDT,95419.4,-0.0312,95420.0,95445.4,888807412,8731683855.24183,104989.9,85900.8,95391.4,99949.9,95419.4,95419.5,163324393,-3073.9,6.6e-05,UTC+8,"[-0.0312, -0.0859, -0.0064, 0.4634, 0.5632, 1.2492]","[-0.0268, -0.0398, -0.0312]"
1735205721165,BTC_USDT,95419.9,-0.0312,95419.9,95455.2,888814249,8731749093.57471,105000.7,85909.6,95391.4,99949.9,95420.0,95420.1,163325898,-3073.4,6.6e-05,UTC+8,"[-0.0312, -0.0859, -0.0064, 0.4634, 0.5632, 1.2492]","[-0.0267, -0.0398, -0.0312]"
1735205723168,BTC_USDT,95416.9,-0.0312,95420.1,95455,888820710,8731810744.38307,105000.5,85909.5,95391.4,99949.9,95416.8,95416.9,163336827,-3076.4,6.6e-05,UTC+8,"[-0.0312, -0.086, -0.0064, 0.4634, 0.5631, 1.2491]","[-0.0268, -0.0398, -0.0312]"
1735205725172,BTC_USDT,95413.0,-0.0312,95413.0,95448.5,888837545,8731971372.28211,104993.3,85903.6,95391.4,99949.9,95413.0,95413.1,163377723,-3080.3,6.6e-05,UTC+8,"[-0.0312, -0.086, -0.0065, 0.4633, 0.5631, 1.249]","[-0.0268, -0.0399, -0.0312]"
1735205728165,BTC_USDT,95403.5,-0.0313,95405.3,95441.4,889070741,8734196182.88985,104985.5,85897.2,95391.4,99949.9,95403.5,95403.6,163383868,-3089.8,6.6e-05,UTC+8,"[-0.0313, -0.0861, -0.0066, 0.4632, 0.5629, 1.2488]","[-0.0269, -0.04, -0.0313]"
1735205730164,BTC_USDT,95411.6,-0.0312,95411.6,95441.6,889150426,8734956386.76661,104985.7,85897.4,95388.8,99949.9,95411.6,95411.7,163428199,-3081.7,6.6e-05,UTC+8,"[-0.0312, -0.086, -0.0065, 0.4633, 0.5631, 1.249]","[-0.0268, -0.0399, -0.0312]"
1735205732162,BTC_USDT,95442.7,-0.0309,95435.7,95471.7,889196150,8735392672.31209,105018.8,85924.5,95388.8,99949.9,95449.7,95449.9,163454976,-3050.6,6.6e-05,UTC+8,"[-0.0309, -0.0857, -0.0062, 0.4638, 0.5636, 1.2497]","[-0.0265, -0.0396, -0.0309]"
1735205734160,BTC_USDT,95477.1,-0.0306,95463.9,95500,889212379,8735547579.05357,105050.0,85950.0,95388.8,99949.9,95477.1,95477.2,163469728,-3016.2,6.6e-05,UTC+8,"[-0.0306, -0.0854, -0.0058, 0.4643, 0.5641, 1.2505]","[-0.0262, -0.0392, -0.0306]"
1735205737164,BTC_USDT,95490.6,-0.0304,95493.2,95529.2,889239896,8735810355.97122,105082.1,85976.2,95388.8,99949.9,95490.6,95490.7,162494737,-3002.7,6.6e-05,UTC+8,"[-0.0304, -0.0852, -0.0057, 0.4645, 0.5643, 1.2509]","[-0.026, -0.0391, -0.0304]"
1735205739168,BTC_USDT,95499.1,-0.0304,95499.2,95531.8,889451269,8737828779.15706,105084.9,85978.6,95388.8,99949.9,95499.1,95499.2,162994932,-2994.2,6.6e-05,UTC+8,"[-0.0304, -0.0852, -0.0056, 0.4647, 0.5645, 1.2511]","[-0.0259, -0.039, -0.0304]"
1735205741159,BTC_USDT,95514.6,-0.0302,95509.4,95538.9,889505006,8738342039.55179,105092.7,85985.0,95388.8,99949.9,95514.5,95514.6,163163059,-2978.7,6.6e-05,UTC+8,"[-0.0302, -0.085, -0.0054, 0.4649, 0.5647, 1.2514]","[-0.0258, -0.0388, -0.0302]"
1735205743166,BTC_USDT,95514.6,-0.0302,95514.5,95539.6,889617393,8739415498.90155,105093.5,85985.6,95388.8,99949.9,95514.5,95514.6,163340463,-2978.7,6.6e-05,UTC+8,"[-0.0302, -0.085, -0.0054, 0.4649, 0.5647, 1.2514]","[-0.0258, -0.0388, -0.0302]"
1735205746155,BTC_USDT,95522.1,-0.0301,95522.1,95547,889933699,8742436697.12723,105101.7,85992.3,95388.8,99949.9,95522.0,95522.1,164229040,-2971.2,6.6e-05,UTC+8,"[-0.0301, -0.0849, -0.0053, 0.465, 0.5649, 1.2516]","[-0.0257, -0.0388, -0.0301]"
1735205748150,BTC_USDT,95531.2,-0.03,95522.1,95547,890012928,8743193508.98238,105101.7,85992.3,95388.8,99949.9,95536.7,95536.8,164305486,-2962.1,6.6e-05,UTC+8,"[-0.03, -0.0849, -0.0053, 0.4652, 0.565, 1.2518]","[-0.0256, -0.0387, -0.03]"
1735205750156,BTC_USDT,95584.8,-0.0295,95576.4,95613.4,890157577,8744575790.85615,105174.7,86052.0,95388.8,99949.9,95586.4,95586.5,164407374,-2908.5,6.6e-05,UTC+8,"[-0.0295, -0.0843, -0.0047, 0.466, 0.5659, 1.2531]","[-0.0251, -0.0381, -0.0295]"
1735205752165,BTC_USDT,95595.9,-0.0294,95586.5,95615.3,890167373,8744669432.10298,105176.8,86053.7,95388.8,99949.9,95599.8,95599.9,164420139,-2897.4,6.6e-05,UTC+8,"[-0.0294, -0.0842, -0.0046, 0.4661, 0.5661, 1.2533]","[-0.025, -0.038, -0.0294]"
1735205755156,BTC_USDT,95562.8,-0.0297,95562.8,95595.6,890802881,8750744390.47621,105155.1,86036.0,95388.8,99949.9,95562.7,95562.8,165307626,-2930.5,6.6e-05,UTC+8,"[-0.0297, -0.0846, -0.0049, 0.4656, 0.5655, 1.2526]","[-0.0253, -0.0384, -0.0297]"
1735205757170,BTC_USDT,95534.1,-0.03,95534.2,95561.4,890852484,8751218333.32654,105117.5,86005.2,95388.8,99949.9,95534.1,95534.2,165354598,-2959.2,6.6e-05,UTC+8,"[-0.03, -0.0848, -0.0052, 0.4652, 0.5651, 1.2519]","[-0.0256, -0.0386, -0.03]"
1735205759160,BTC_USDT,95564.6,-0.0297,95556.8,95592,891023179,8752849382.92032,105151.2,86032.8,95388.8,99949.9,95567.4,95567.5,165395293,-2928.7,6.6e-05,UTC+8,"[-0.0297, -0.0845, -0.0049, 0.4657, 0.5656, 1.2526]","[-0.0253, -0.0383, -0.0297]"
1735205762161,BTC_USDT,95560.3,-0.0297,95567.5,95592.2,891105614,8753637174.29467,105151.4,86032.9,95388.8,99949.9,95560.3,95560.4,165413764,-2933.0,6.6e-05,UTC+8,"[-0.0297, -0.0846, -0.0049, 0.4656, 0.5655, 1.2525]","[-0.0253, -0.0384, -0.0297]"
1735205764162,BTC_USDT,95560.3,-0.0297,95560.4,95592.2,891178030,8754329183.81849,105151.4,86032.9,95388.8,99949.9,95560.3,95560.4,165421908,-2933.0,6.6e-05,UTC+8,"[-0.0297, -0.0846, -0.0049, 0.4656, 0.5655, 1.2525]","[-0.0253, -0.0384, -0.0297]"
1735205766161,BTC_USDT,95542.4,-0.0299,95542.4,95574.2,891285169,8755352984.95672,105131.6,86016.7,95388.8,99949.9,95542.3,95542.4,165454804,-2950.9,6.6e-05,UTC+8,"[-0.0299, -0.0847, -0.0051, 0.4653, 0.5652, 1.2521]","[-0.0255, -0.0386, -0.0299]"
1735205768162,BTC_USDT,95540.1,-0.0299,95540.1,95567.7,891308455,8755575460.94146,105124.4,86010.9,95388.8,99949.9,95540.1,95540.2,165455532,-2953.2,6.6e-05,UTC+8,"[-0.0299, -0.0848, -0.0052, 0.4653, 0.5652, 1.252]","[-0.0255, -0.0386, -0.0299]"
1735205771163,BTC_USDT,95495.1,-0.0304,95513.4,95539.9,891335208,8755830987.67823,105093.8,85985.9,95388.8,99949.9,95492.5,95492.6,165226647,-2998.2,6.6e-05,UTC+8,"[-0.0304, -0.0852, -0.0056, 0.4646, 0.5644, 1.251]","[-0.026, -0.039, -0.0304]"
1735205773165,BTC_USDT,95474.8,-0.0306,95475.9,95502,891349647,8755968854.23853,105052.2,85951.8,95388.8,99949.9,95474.7,95474.8,165236832,-3018.5,6.6e-05,UTC+8,"[-0.0306, -0.0854, -0.0058, 0.4643, 0.5641, 1.2505]","[-0.0262, -0.0392, -0.0306]"
1735205775162,BTC_USDT,95497.1,-0.0304,95485.6,95520.1,891352439,8755995515.18434,105072.1,85968.0,95388.8,99949.9,95497.1,95497.2,165238855,-2996.2,6.6e-05,UTC+8,"[-0.0304, -0.0852, -0.0056, 0.4646, 0.5645, 1.251]","[-0.026, -0.039, -0.0304]"
1735205777148,BTC_USDT,95503.5,-0.0303,95503.6,95534.8,891402120,8756469981.22628,105088.2,85981.3,95388.8,99949.9,95503.5,95503.6,165355920,-2989.8,6.6e-05,UTC+8,"[-0.0303, -0.0851, -0.0055, 0.4647, 0.5646, 1.2512]","[-0.0259, -0.039, -0.0303]"
1735205780153,BTC_USDT,95510.0,-0.0302,95503.5,95536.7,891412043,8756564749.48695,105090.3,85983.0,95388.8,99949.9,95513.1,95513.2,165365748,-2983.3,6.6e-05,UTC+8,"[-0.0302, -0.0851, -0.0055, 0.4648, 0.5647, 1.2513]","[-0.0258, -0.0389, -0.0302]"
1735205782155,BTC_USDT,95520.3,-0.0301,95513.1,95539.9,891442776,8756858273.71942,105093.8,85985.9,95388.8,99949.9,95520.2,95520.3,165402007,-2973.0,6.6e-05,UTC+8,"[-0.0301, -0.085, -0.0054, 0.465, 0.5648, 1.2516]","[-0.0257, -0.0388, -0.0301]"
1735205784161,BTC_USDT,95516.3,-0.0302,95516.3,95544.9,891459326,8757016357.5002,105099.3,85990.4,95388.8,99949.9,95516.2,95516.3,165428388,-2977.0,6.6e-05,UTC+8,"[-0.0302, -0.085, -0.0054, 0.4649, 0.5648, 1.2515]","[-0.0258, -0.0388, -0.0302]"
1735205786154,BTC_USDT,95515.6,-0.0302,95515.6,95545.1,891461720,8757039224.09959,105099.6,85990.5,95388.8,99949.9,95515.5,95515.6,165429154,-2977.7,6.6e-05,UTC+8,"[-0.0302, -0.085, -0.0054, 0.4649, 0.5648, 1.2514]","[-0.0258, -0.0388, -0.0302]"
1735205789165,BTC_USDT,95542.2,-0.0299,95542.1,95571.5,891502717,8757430915.27902,105128.6,86014.3,95388.8,99949.9,95542.2,95542.3,165465583,-2951.1,6.6e-05,UTC+8,"[-0.0299, -0.0848, -0.0051, 0.4653, 0.5652, 1.2521]","[-0.0255, -0.0386, -0.0299]"
1735205791167,BTC_USDT,95504.2,-0.0303,95507.0,95540.9,891539172,8757779145.95603,105094.9,85986.8,95388.8,99949.9,95504.1,95504.2,165565245,-2989.1,6.6e-05,UTC+8,"[-0.0303, -0.0851, -0.0055, 0.4647, 0.5646, 1.2512]","[-0.0259, -0.0389, -0.0303]"
1735205793162,BTC_USDT,95506.8,-0.0303,95507.0,95540.8,891550139,8757883885.72465,105094.8,85986.7,95388.8,99949.9,95506.7,95506.8,165565814,-2986.5,6.6e-05,UTC+8,"[-0.0303, -0.0851, -0.0055, 0.4648, 0.5646, 1.2512]","[-0.0259, -0.0389, -0.0303]"
1735205795165,BTC_USDT,95503.9,-0.0303,95507.0,95540.8,891557598,8757955124.13301,105094.8,85986.7,95388.8,99949.9,95503.9,95504.0,165567063,-2989.4,6.6e-05,UTC+8,"[-0.0303, -0.0851, -0.0055, 0.4647, 0.5646, 1.2512]","[-0.0259, -0.0389, -0.0303]"
1735205798169,BTC_USDT,95535.2,-0.03,95525.5,95559.3,891560224,8757980203.691,105115.2,86003.3,95388.8,99949.9,95535.1,95535.2,165459808,-2958.1,6.6e-05,UTC+8,"[-0.03, -0.0848, -0.0052, 0.4652, 0.5651, 1.2519]","[-0.0256, -0.0386, -0.03]"
1735205800164,BTC_USDT,95533.7,-0.03,95535.2,95559.4,891564163,8758017834.9369,105115.3,86003.4,95388.8,99949.9,95533.6,95533.7,165468078,-2959.6,6.6e-05,UTC+8,"[-0.03, -0.0848, -0.0052, 0.4652, 0.5651, 1.2519]","[-0.0256, -0.0387, -0.03]"
1735205802156,BTC_USDT,95533.6,-0.03,95533.6,95559.4,891565275,8758028458.27627,105115.3,86003.4,95388.8,99949.9,95533.6,95533.7,165469590,-2959.7,6.6e-05,UTC+8,"[-0.03, -0.0848, -0.0052, 0.4652, 0.5651, 1.2519]","[-0.0256, -0.0387, -0.03]"
1735205805159,BTC_USDT,95533.6,-0.03,95533.6,95559.4,891566624,8758041345.76358,105115.3,86003.4,95388.8,99949.9,95533.6,95533.7,165471048,-2959.7,6.6e-05,UTC+8,"[-0.03, -0.0848, -0.0052, 0.4652, 0.5651, 1.2519]","[-0.0256, -0.0387, -0.03]"
1735205807164,BTC_USDT,95525.7,-0.0301,95525.9,95559.3,891566842,8758043428.26264,105115.2,86003.3,95388.8,99949.9,95525.7,95525.8,165471544,-2967.6,6.6e-05,UTC+8,"[-0.0301, -0.0849, -0.0053, 0.4651, 0.5649, 1.2517]","[-0.0257, -0.0387, -0.0301]"
1735205809160,BTC_USDT,95535.1,-0.03,95525.8,95559.2,891570218,8758075677.75148,105115.1,86003.2,95388.8,99949.9,95535.0,95535.1,165479482,-2958.2,6.6e-05,UTC+8,"[-0.03, -0.0848, -0.0052, 0.4652, 0.5651, 1.2519]","[-0.0256, -0.0386, -0.03]"
1735205811163,BTC_USDT,95535.1,-0.03,95535.0,95559.6,891574600,8758117541.20975,105115.5,86003.6,95388.8,99949.9,95529.9,95530.0,165481329,-2958.2,6.6e-05,UTC+8,"[-0.03, -0.0848, -0.0052, 0.4652, 0.5651, 1.2519]","[-0.0256, -0.0386, -0.03]"
1735205814171,BTC_USDT,95529.9,-0.03,95529.9,95559.4,891585027,8758217150.28097,105115.3,86003.4,95388.8,99949.9,95529.9,95530.0,165500380,-2963.4,6.6e-05,UTC+8,"[-0.03, -0.0849, -0.0053, 0.4651, 0.565, 1.2518]","[-0.0256, -0.0387, -0.03]"
1735205816154,BTC_USDT,95532.6,-0.03,95530.0,95559.6,891591541,8758279378.71722,105115.5,86003.6,95388.8,99949.9,95532.6,95532.7,165508153,-2960.7,6.6e-05,UTC+8,"[-0.03, -0.0848, -0.0052, 0.4652, 0.565, 1.2519]","[-0.0256, -0.0387, -0.03]"
1735205818166,BTC_USDT,95532.7,-0.03,95532.6,95560.1,891600381,8758363829.58884,105116.1,86004.0,95388.8,99949.9,95532.6,95532.7,165511087,-2960.6,6.6e-05,UTC+8,"[-0.03, -0.0848, -0.0052, 0.4652, 0.565, 1.2519]","[-0.0256, -0.0387, -0.03]"
1735205820166,BTC_USDT,95530.1,-0.03,95530.1,95559.7,891607801,8758434713.16003,105115.6,86003.7,95388.8,99949.9,95529.9,95530.0,165534328,-2963.2,6.6e-05,UTC+8,"[-0.03, -0.0849, -0.0053, 0.4651, 0.565, 1.2518]","[-0.0256, -0.0387, -0.03]"
1735205823160,BTC_USDT,95530.0,-0.03,95529.9,95560.2,891638318,8758726241.94564,105116.2,86004.1,95388.8,99949.9,95529.9,95530.0,165550644,-2963.3,6.6e-05,UTC+8,"[-0.03, -0.0849, -0.0053, 0.4651, 0.565, 1.2518]","[-0.0256, -0.0387, -0.03]"
1735205825163,BTC_USDT,95564.7,-0.0297,95553.6,95586.5,891663427,8758966151.96933,105145.1,86027.8,95388.8,99949.9,95572.8,95572.9,165590326,-2928.6,6.6e-05,UTC+8,"[-0.0297, -0.0845, -0.0049, 0.4657, 0.5656, 1.2526]","[-0.0253, -0.0383, -0.0297]"
1735205827161,BTC_USDT,95578.6,-0.0295,95584.2,95608.6,891903477,8761260640.87292,105169.4,86047.7,95388.8,99949.9,95578.5,95578.6,166431744,-2914.7,6.6e-05,UTC+8,"[-0.0295, -0.0844, -0.0048, 0.4659, 0.5658, 1.2529]","[-0.0251, -0.0382, -0.0295]"
1735205829163,BTC_USDT,95609.5,-0.0292,95578.6,95636.2,892151663,8763632817.01131,105199.8,86072.5,95388.8,99949.9,95615.1,95619.8,167042019,-2883.8,6.6e-05,UTC+8,"[-0.0292, -0.0841, -0.0044, 0.4664, 0.5663, 1.2537]","[-0.0248, -0.0379, -0.0292]"
1735205832161,BTC_USDT,95630.6,-0.029,95630.5,95660.2,892254302,8764614297.31027,105226.2,86094.1,95388.8,99949.9,95630.1,95630.2,167155376,-2862.7,6.6e-05,UTC+8,"[-0.029, -0.0839, -0.0042, 0.4667, 0.5666, 1.2542]","[-0.0246, -0.0377, -0.029]"
1735205834152,BTC_USDT,95647.2,-0.0288,95647.2,95671.8,892310843,8765155077.76728,105238.9,86104.6,95388.8,99949.9,95647.1,95647.2,167177451,-2846.1,6.6e-05,UTC+8,"[-0.0288, -0.0837, -0.004, 0.4669, 0.5669, 1.2546]","[-0.0244, -0.0375, -0.0288]"
1735205836161,BTC_USDT,95649.2,-0.0288,95649.2,95677.3,892471493,8766691669.67756,105245.0,86109.5,95388.8,99949.9,95649.1,95649.2,166883061,-2844.1,6.6e-05,UTC+8,"[-0.0288, -0.0837, -0.004, 0.467, 0.5669, 1.2546]","[-0.0244, -0.0375, -0.0288]"
1735205838160,BTC_USDT,95643.3,-0.0289,95648.0,95672.3,892514744,8767105337.80909,105239.5,86105.0,95388.8,99949.9,95643.2,95643.3,166925574,-2850.0,6.6e-05,UTC+8,"[-0.0289, -0.0838, -0.0041, 0.4669, 0.5668, 1.2545]","[-0.0245, -0.0375, -0.0289]"
1735205841163,BTC_USDT,95643.2,-0.0289,95643.2,95672.1,892598303,8767904522.94551,105239.3,86104.8,95388.8,99949.9,95643.2,95643.3,166968082,-2850.1,6.6e-05,UTC+8,"[-0.0289, -0.0838, -0.0041, 0.4669, 0.5668, 1.2545]","[-0.0245, -0.0375, -0.0289]"
1735205843159,BTC_USDT,95643.3,-0.0289,95643.2,95672.4,892629522,8768203111.60442,105239.6,86105.1,95388.8,99949.9,95643.2,95643.3,167013086,-2850.0,6.6e-05,UTC+8,"[-0.0289, -0.0838, -0.0041, 0.4669, 0.5668, 1.2545]","[-0.0245, -0.0375, -0.0289]"
1735205845164,BTC_USDT,95640.7,-0.0289,95643.2,95671.9,892706761,8768941838.28515,105239.0,86104.7,95388.8,99949.9,95640.6,95640.7,167153666,-2852.6,6.6e-05,UTC+8,"[-0.0289, -0.0838, -0.0041, 0.4668, 0.5668, 1.2544]","[-0.0245, -0.0376, -0.0289]"
1735205847162,BTC_USDT,95639.7,-0.0289,95640.1,95672.3,892725336,8769119489.54865,105239.5,86105.0,95388.8,99949.9,95639.7,95639.8,167160924,-2853.6,6.6e-05,UTC+8,"[-0.0289, -0.0838, -0.0041, 0.4668, 0.5668, 1.2544]","[-0.0245, -0.0376, -0.0289]"
1735205850165,BTC_USDT,95643.3,-0.0289,95643.2,95672.7,892755014,8769403338.88071,105239.9,86105.4,95388.8,99949.9,95643.2,95643.3,167192550,-2850.0,6.6e-05,UTC+8,"[-0.0289, -0.0838, -0.0041, 0.4669, 0.5668, 1.2545]","[-0.0245, -0.0375, -0.0289]"
1735205852165,BTC_USDT,95640.0,-0.0289,95640.3,95672.4,892779382,8769636404.69059,105239.6,86105.1,95388.8,99949.9,95640.0,95640.1,167201859,-2853.3,6.6e-05,UTC+8,"[-0.0289, -0.0838, -0.0041, 0.4668, 0.5668, 1.2544]","[-0.0245, -0.0376, -0.0289]"
1735205854164,BTC_USDT,95640.1,-0.0289,95640.3,95672.4,892791534,8769752626.47413,105239.6,86105.1,95388.8,99949.9,95640.0,95640.1,167215028,-2853.2,6.6e-05,UTC+8,"[-0.0289, -0.0838, -0.0041, 0.4668, 0.5668, 1.2544]","[-0.0245, -0.0376, -0.0289]"
1735205856165,BTC_USDT,95640.1,-0.0289,95640.3,95672.4,892798053,8769814974.24231,105239.6,86105.1,95388.8,99949.9,95640.0,95640.1,167219690,-2853.2,6.6e-05,UTC+8,"[-0.0289, -0.0838, -0.0041, 0.4668, 0.5668, 1.2544]","[-0.0245, -0.0376, -0.0289]"
1735205859165,BTC_USDT,95640.0,-0.0289,95640.2,95672.3,892823937,8770062528.94288,105239.5,86105.0,95388.8,99949.9,95640.0,95640.1,167166662,-2853.3,6.6e-05,UTC+8,"[-0.0289, -0.0838, -0.0041, 0.4668, 0.5668, 1.2544]","[-0.0245, -0.0376, -0.0289]"
1735205861167,BTC_USDT,95646.9,-0.0288,95640.8,95672.9,892852160,8770332467.40493,105240.1,86105.6,95388.8,99949.9,95646.8,95646.9,167221512,-2846.4,6.6e-05,UTC+8,"[-0.0288, -0.0837, -0.004, 0.4669, 0.5669, 1.2545]","[-0.0244, -0.0375, -0.0288]"
1735205863167,BTC_USDT,95630.6,-0.029,95646.9,95671.6,892880615,8770604611.44592,105238.7,86104.4,95388.8,99949.9,95630.5,95630.6,167269608,-2862.7,6.6e-05,UTC+8,"[-0.029, -0.0839, -0.0042, 0.4667, 0.5666, 1.2542]","[-0.0246, -0.0377, -0.029]"
1735205865160,BTC_USDT,95636.4,-0.029,95630.7,95662.8,892902576,8770814629.99433,105229.0,86096.5,95388.8,99949.9,95636.4,95636.5,167288396,-2856.9,6.6e-05,UTC+8,"[-0.029, -0.0838, -0.0042, 0.4668, 0.5667, 1.2543]","[-0.0245, -0.0376, -0.029]"
1735205868163,BTC_USDT,95644.5,-0.0289,95644.5,95663.2,892915114,8770934539.61401,105229.5,86096.8,95388.8,99949.9,95647.0,95647.1,167297432,-2848.8,6.6e-05,UTC+8,"[-0.0289, -0.0838, -0.0041, 0.4669, 0.5669, 1.2545]","[-0.0245, -0.0375, -0.0289]"
1735205870163,BTC_USDT,95647.0,-0.0288,95647.1,95679,892940512,8771177464.03928,105246.9,86111.1,95388.8,99949.9,95647.0,95647.1,167363262,-2846.3,6.6e-05,UTC+8,"[-0.0288, -0.0837, -0.004, 0.4669, 0.5669, 1.2545]","[-0.0244, -0.0375, -0.0288]"
1735205872162,BTC_USDT,95647.1,-0.0288,95647.1,95679,892956536,8771330728.84327,105246.9,86111.1,95388.8,99949.9,95647.0,95647.1,167363640,-2846.2,6.6e-05,UTC+8,"[-0.0288, -0.0837, -0.004, 0.4669, 0.5669, 1.2545]","[-0.0244, -0.0375, -0.0288]"
1735205875164,BTC_USDT,95647.1,-0.0288,95647.1,95679,893009782,8771840011.20397,105246.9,86111.1,95388.8,99949.9,95647.0,95647.1,167273337,-2846.2,6.6e-05,UTC+8,"[-0.0288, -0.0837, -0.004, 0.4669, 0.5669, 1.2545]","[-0.0244, -0.0375, -0.0288]"
1735205877169,BTC_USDT,95647.0,-0.0288,95647.4,95679.3,893018320,8771921674.68842,105247.2,86111.3,95388.8,99949.9,95647.0,95647.1,167278140,-2846.3,6.6e-05,UTC+8,"[-0.0288, -0.0837, -0.004, 0.4669, 0.5669, 1.2545]","[-0.0244, -0.0375, -0.0288]"
1735205879164,BTC_USDT,95657.6,-0.0287,95655.4,95684.8,893030597,8772039107.12195,105253.2,86116.3,95388.8,99949.9,95657.6,95657.7,167280516,-2835.7,6.6e-05,UTC+8,"[-0.0287, -0.0836, -0.0039, 0.4671, 0.5671, 1.2548]","[-0.0243, -0.0374, -0.0287]"
1735205881166,BTC_USDT,95657.6,-0.0287,95657.6,95685,893047894,8772204566.11701,105253.5,86116.5,95388.8,99949.9,95657.6,95657.7,167286816,-2835.7,6.7e-05,UTC+8,"[-0.0287, -0.0836, -0.0039, 0.4671, 0.5671, 1.2548]","[-0.0243, -0.0374, -0.0287]"
1735205884163,BTC_USDT,95657.7,-0.0287,95657.6,95684.8,893054527,8772268015.81422,105253.2,86116.3,95388.8,99949.9,95657.6,95657.7,167288994,-2835.6,6.7e-05,UTC+8,"[-0.0287, -0.0836, -0.0039, 0.4671, 0.5671, 1.2548]","[-0.0243, -0.0374, -0.0287]"
1735205886164,BTC_USDT,95657.7,-0.0287,95657.6,95684.9,893082542,8772536000.68976,105253.3,86116.4,95388.8,99949.9,95657.7,95657.8,167328561,-2835.6,6.7e-05,UTC+8,"[-0.0287, -0.0836, -0.0039, 0.4671, 0.5671, 1.2548]","[-0.0243, -0.0374, -0.0287]"
1735205888168,BTC_USDT,95657.7,-0.0287,95657.7,95685,893096581,8772670294.60183,105253.5,86116.5,95388.8,99949.9,95657.7,95657.8,167363661,-2835.6,6.7e-05,UTC+8,"[-0.0287, -0.0836, -0.0039, 0.4671, 0.5671, 1.2548]","[-0.0243, -0.0374, -0.0287]"
1735205890163,BTC_USDT,95660.4,-0.0287,95664.0,95695.4,893102549,8772727384.61897,105264.9,86125.8,95388.8,99949.9,95660.9,95661.0,167372082,-2832.9,6.7e-05,UTC+8,"[-0.0287, -0.0836, -0.0039, 0.4671, 0.5671, 1.2549]","[-0.0243, -0.0374, -0.0287]"
1735205893162,BTC_USDT,95666.0,-0.0287,95669.7,95701.1,893185943,8773525171.16221,105271.2,86130.9,95388.8,99949.9,95665.9,95666.0,167420397,-2827.3,6.7e-05,UTC+8,"[-0.0287, -0.0836, -0.0038, 0.4672, 0.5672, 1.255]","[-0.0242, -0.0373, -0.0287]"
1735205895162,BTC_USDT,95683.5,-0.0285,95676.1,95707.5,893230574,8773952205.8027,105278.2,86136.7,95388.8,99949.9,95683.5,95683.6,167434725,-2809.8,6.7e-05,UTC+8,"[-0.0285, -0.0834, -0.0037, 0.4675, 0.5675, 1.2554]","[-0.0241, -0.0371, -0.0285]"
1735205897162,BTC_USDT,95690.0,-0.0284,95686.4,95717.8,893235864,8774002822.40597,105289.5,86146.0,95388.8,99949.9,95702.6,95702.7,167455753,-2803.3,6.7e-05,UTC+8,"[-0.0284, -0.0833, -0.0036, 0.4676, 0.5676, 1.2556]","[-0.024, -0.0371, -0.0284]"
1735205899166,BTC_USDT,95711.7,-0.0282,95711.6,95737.2,893270206,8774331485.57848,105310.9,86163.4,95388.8,99949.9,95717.0,95717.1,167456584,-2781.6,6.7e-05,UTC+8,"[-0.0282, -0.0831, -0.0034, 0.4679, 0.568, 1.2561]","[-0.0238, -0.0369, -0.0282]"
1735205902165,BTC_USDT,95707.2,-0.0282,95707.1,95737.1,893293514,8774554568.35705,105310.8,86163.3,95388.8,99949.9,95707.1,95707.2,167479887,-2786.1,6.7e-05,UTC+8,"[-0.0282, -0.0832, -0.0034, 0.4679, 0.5679, 1.256]","[-0.0238, -0.0369, -0.0282]"
1735205904164,BTC_USDT,95737.3,-0.0279,95745.8,95764.6,893307879,8774692086.01173,105341.0,86188.1,95388.8,99949.9,95730.9,95731.0,167489186,-2756.0,6.7e-05,UTC+8,"[-0.0279, -0.0829, -0.0031, 0.4683, 0.5684, 1.2567]","[-0.0235, -0.0366, -0.0279]"
1735205906162,BTC_USDT,95723.8,-0.0281,95733.1,95764.1,893315801,8774767923.01298,105340.5,86187.6,95388.8,99949.9,95723.8,95723.9,167492595,-2769.5,6.7e-05,UTC+8,"[-0.0281, -0.083, -0.0032, 0.4681, 0.5682, 1.2564]","[-0.0236, -0.0367, -0.0281]"
1735205908165,BTC_USDT,95735.3,-0.028,95724.3,95755.3,893335261,8774954206.31117,105330.8,86179.7,95388.8,99949.9,95735.3,95735.4,167495569,-2758.0,6.7e-05,UTC+8,"[-0.028, -0.0829, -0.0031, 0.4683, 0.5684, 1.2566]","[-0.0235, -0.0366, -0.028]"
1735205911163,BTC_USDT,95732.0,-0.028,95731.6,95762.5,894173851,8782981667.11271,105338.7,86186.2,95388.8,99949.9,95731.9,95732.0,167511852,-2761.3,6.7e-05,UTC+8,"[-0.028, -0.0829, -0.0032, 0.4682, 0.5683, 1.2566]","[-0.0236, -0.0367, -0.028]"
1735205913164,BTC_USDT,95731.9,-0.028,95732.0,95762.3,894197154,8783204751.31892,105338.5,86186.0,95388.8,99949.9,95730.6,95730.7,167516344,-2761.4,6.7e-05,UTC+8,"[-0.028, -0.0829, -0.0032, 0.4682, 0.5683, 1.2565]","[-0.0236, -0.0367, -0.028]"
1735205915157,BTC_USDT,95676.4,-0.0285,95710.9,95741.8,894205380,8783283492.65512,105315.9,86167.6,95388.8,99949.9,95676.3,95676.4,167530582,-2816.9,6.7e-05,UTC+8,"[-0.0285, -0.0835, -0.0037, 0.4674, 0.5674, 1.2552]","[-0.0241, -0.0372, -0.0285]"
1735205917166,BTC_USDT,95676.8,-0.0285,95676.9,95707.8,894221601,8783438689.45735,105278.5,86137.0,95388.8,99949.9,95676.8,95676.9,165255807,-2816.5,6.7e-05,UTC+8,"[-0.0285, -0.0835, -0.0037, 0.4674, 0.5674, 1.2552]","[-0.0241, -0.0372, -0.0285]"
1735205920153,BTC_USDT,95675.5,-0.0286,95682.2,95712.7,894230182,8783520794.07762,105283.9,86141.4,95388.8,99949.9,95675.5,95675.6,165258223,-2817.8,6.7e-05,UTC+8,"[-0.0286, -0.0835, -0.0037, 0.4674, 0.5674, 1.2552]","[-0.0241, -0.0372, -0.0286]"
1735205922164,BTC_USDT,95678.6,-0.0285,95681.8,95712.5,894236926,8783585321.96138,105283.7,86141.2,95388.8,99949.9,95678.5,95678.6,165260228,-2814.7,6.7e-05,UTC+8,"[-0.0285, -0.0834, -0.0037, 0.4674, 0.5674, 1.2553]","[-0.0241, -0.0372, -0.0285]"
1735205924158,BTC_USDT,95678.6,-0.0285,95678.5,95707.1,894337876,8784551197.1246,105277.8,86136.3,95388.8,99949.9,95678.5,95678.6,165513646,-2814.7,6.7e-05,UTC+8,"[-0.0285, -0.0834, -0.0037, 0.4674, 0.5674, 1.2553]","[-0.0241, -0.0372, -0.0285]"
1735205926157,BTC_USDT,95678.5,-0.0285,95678.5,95706.9,894353043,8784696312.80292,105277.5,86136.2,95388.8,99949.9,95678.5,95678.6,165551302,-2814.8,6.7e-05,UTC+8,"[-0.0285, -0.0834, -0.0037, 0.4674, 0.5674, 1.2553]","[-0.0241, -0.0372, -0.0285]"
1735205929156,BTC_USDT,95667.9,-0.0286,95678.0,95699.7,894395635,8785103824.56025,105269.6,86129.7,95388.8,99949.9,95667.9,95668.0,165559348,-2825.4,6.7e-05,UTC+8,"[-0.0286, -0.0835, -0.0038, 0.4672, 0.5673, 1.255]","[-0.0242, -0.0373, -0.0286]"
1735205931163,BTC_USDT,95667.9,-0.0286,95668.9,95699.4,894444049,8785566991.29098,105269.3,86129.4,95388.8,99949.9,95667.9,95668.0,165618633,-2825.4,6.7e-05,UTC+8,"[-0.0286, -0.0835, -0.0038, 0.4672, 0.5673, 1.255]","[-0.0242, -0.0373, -0.0286]"
1735205933158,BTC_USDT,95667.9,-0.0286,95669.0,95699.5,894450300,8785626793.331,105269.4,86129.5,95388.8,99949.9,95671.9,95672.0,165630042,-2825.4,6.7e-05,UTC+8,"[-0.0286, -0.0835, -0.0038, 0.4672, 0.5673, 1.255]","[-0.0242, -0.0373, -0.0286]"
1735205935164,BTC_USDT,95682.0,-0.0285,95673.8,95700.4,894454761,8785669476.17235,105270.4,86130.3,95388.8,99949.9,95681.9,95682.0,165630110,-2811.3,6.7e-05,UTC+8,"[-0.0285, -0.0834, -0.0037, 0.4675, 0.5675, 1.2554]","[-0.0241, -0.0372, -0.0285]"
1735205938165,BTC_USDT,95682.0,-0.0285,95681.9,95707.1,894471719,8785831733.59169,105277.8,86136.3,95388.8,99949.9,95681.9,95682.0,165503955,-2811.3,6.7e-05,UTC+8,"[-0.0285, -0.0834, -0.0037, 0.4675, 0.5675, 1.2554]","[-0.0241, -0.0372, -0.0285]"
1735205940177,BTC_USDT,95704.0,-0.0283,95707.8,95726.1,894518741,8786281724.97918,105298.7,86153.4,95388.8,99949.9,95703.9,95704.0,165619915,-2789.3,6.7e-05,UTC+8,"[-0.0283, -0.0832, -0.0035, 0.4678, 0.5678, 1.2559]","[-0.0239, -0.0369, -0.0283]"
1735205942167,BTC_USDT,95704.0,-0.0283,95704.0,95727.4,894529908,8786388597.54695,105300.1,86154.6,95388.8,99949.9,95703.9,95704.0,165629404,-2789.3,6.7e-05,UTC+8,"[-0.0283, -0.0832, -0.0035, 0.4678, 0.5678, 1.2559]","[-0.0239, -0.0369, -0.0283]"
1735205944161,BTC_USDT,95711.6,-0.0282,95715.4,95745.7,894534847,8786435865.82218,105320.2,86171.1,95388.8,99949.9,95711.5,95711.6,165633717,-2781.7,6.7e-05,UTC+8,"[-0.0282, -0.0831, -0.0034, 0.4679, 0.568, 1.2561]","[-0.0238, -0.0369, -0.0282]"
1735205947164,BTC_USDT,95711.6,-0.0282,95715.3,95745.6,894542827,8786512243.63648,105320.1,86171.0,95388.8,99949.9,95711.5,95711.6,165641875,-2781.7,6.7e-05,UTC+8,"[-0.0282, -0.0831, -0.0034, 0.4679, 0.568, 1.2561]","[-0.0238, -0.0369, -0.0282]"
1735205949169,BTC_USDT,95711.6,-0.0282,95715.3,95745.6,894550402,8786584745.17164,105320.1,86171.0,95388.8,99949.9,95711.5,95711.6,165660264,-2781.7,6.7e-05,UTC+8,"[-0.0282, -0.0831, -0.0034, 0.4679, 0.568, 1.2561]","[-0.0238, -0.0369, -0.0282]"
1735205951163,BTC_USDT,95720.0,-0.0281,95715.8,95746,894564831,8786722853.13303,105320.6,86171.4,95388.8,99949.9,95724.9,95725.0,165688891,-2773.3,6.7e-05,UTC+8,"[-0.0281, -0.083, -0.0033, 0.468, 0.5681, 1.2563]","[-0.0237, -0.0368, -0.0281]"
1735205954167,BTC_USDT,95744.5,-0.0279,95735.3,95762.3,894570567,8786777763.07331,105338.5,86186.0,95388.8,99949.9,95744.5,95744.6,165700414,-2748.8,6.7e-05,UTC+8,"[-0.0279, -0.0828, -0.003, 0.4684, 0.5685, 1.2568]","[-0.0234, -0.0365, -0.0279]"
1735205956164,BTC_USDT,95726.8,-0.028,95737.6,95766.3,894640580,8787448050.20812,105342.9,86189.6,95388.8,99949.9,95726.7,95726.8,165705336,-2766.5,6.7e-05,UTC+8,"[-0.028, -0.083, -0.0032, 0.4682, 0.5682, 1.2564]","[-0.0236, -0.0367, -0.028]"
1735205958167,BTC_USDT,95711.5,-0.0282,95719.9,95750,894647260,8787511986.72157,105325.0,86175.0,95388.8,99949.9,95711.5,95711.6,165725154,-2781.8,6.7e-05,UTC+8,"[-0.0282, -0.0831, -0.0034, 0.4679, 0.568, 1.2561]","[-0.0238, -0.0369, -0.0282]"
1735205960162,BTC_USDT,95710.0,-0.0282,95711.5,95738.4,894671946,8787748260.20611,105312.2,86164.5,95388.8,99949.9,95710.0,95710.1,165733196,-2783.3,6.7e-05,UTC+8,"[-0.0282, -0.0831, -0.0034, 0.4679, 0.5679, 1.256]","[-0.0238, -0.0369, -0.0282]"
1735205963188,BTC_USDT,95745.8,-0.0278,95735.3,95763.4,894679238,8787818065.88948,105339.7,86187.0,95388.8,99949.9,95745.8,95745.9,165747538,-2747.5,6.7e-05,UTC+8,"[-0.0278, -0.0828, -0.003, 0.4684, 0.5685, 1.2569]","[-0.0234, -0.0365, -0.0278]"
1735205965162,BTC_USDT,95741.1,-0.0279,95745.8,95766,894682987,8787853960.85251,105342.6,86189.4,95388.8,99949.9,95741.1,95741.2,165752103,-2752.2,6.7e-05,UTC+8,"[-0.0279, -0.0828, -0.0031, 0.4684, 0.5685, 1.2568]","[-0.0235, -0.0366, -0.0279]"
1735205967166,BTC_USDT,95741.0,-0.0279,95742.5,95772.5,894688200,8787903870.71799,105349.7,86195.2,95388.8,99949.9,95741.0,95741.1,165752928,-2752.3,6.7e-05,UTC+8,"[-0.0279, -0.0828, -0.0031, 0.4684, 0.5684, 1.2568]","[-0.0235, -0.0366, -0.0279]"
1735205969167,BTC_USDT,95742.3,-0.0279,95742.6,95772.7,894697513,8787993035.4343,105349.9,86195.4,95388.8,99949.9,95742.5,95742.6,165764077,-2751.0,6.7e-05,UTC+8,"[-0.0279, -0.0828, -0.0031, 0.4684, 0.5685, 1.2568]","[-0.0235, -0.0366, -0.0279]"
1735205972165,BTC_USDT,95750.2,-0.0278,95755.6,95785.7,894755848,8788551643.69561,105364.2,86207.1,95388.8,99949.9,95750.1,95750.2,165813771,-2743.1,6.7e-05,UTC+8,"[-0.0278, -0.0828, -0.003, 0.4685, 0.5686, 1.257]","[-0.0234, -0.0365, -0.0278]"
1735205974167,BTC_USDT,95750.4,-0.0278,95755.5,95785.6,894762235,8788612799.4606,105364.1,86207.0,95388.8,99949.9,95750.4,95750.5,165820392,-2742.9,6.7e-05,UTC+8,"[-0.0278, -0.0828, -0.003, 0.4685, 0.5686, 1.257]","[-0.0234, -0.0365, -0.0278]"
1735205976167,BTC_USDT,95750.5,-0.0278,95755.4,95785.6,894804658,8789019001.73372,105364.1,86207.0,95388.8,99949.9,95750.4,95750.5,165676298,-2742.8,6.7e-05,UTC+8,"[-0.0278, -0.0828, -0.003, 0.4685, 0.5686, 1.257]","[-0.0234, -0.0365, -0.0278]"
1735205978167,BTC_USDT,95750.5,-0.0278,95755.5,95785.7,894819599,8789162062.52467,105364.2,86207.1,95388.8,99949.9,95760.0,95760.1,165675625,-2742.8,6.7e-05,UTC+8,"[-0.0278, -0.0828, -0.003, 0.4685, 0.5686, 1.257]","[-0.0234, -0.0365, -0.0278]"
1735205981166,BTC_USDT,95778.9,-0.0275,95778.5,95808.8,894852752,8789479580.8475,105389.6,86227.9,95388.8,99949.9,95778.9,95779.0,165695616,-2714.4,6.7e-05,UTC+8,"[-0.0275, -0.0825, -0.0027, 0.469, 0.5691, 1.2577]","[-0.0231, -0.0362, -0.0275]"
1735205983166,BTC_USDT,95778.5,-0.0275,95778.9,95808.8,894874482,8789687708.27124,105389.6,86227.9,95388.8,99949.9,95778.4,95778.5,165721089,-2714.8,6.7e-05,UTC+8,"[-0.0275, -0.0825, -0.0027, 0.4689, 0.5691, 1.2576]","[-0.0231, -0.0362, -0.0275]"
1735205985166,BTC_USDT,95785.5,-0.0274,95792.5,95822.8,894905915,8789988800.79796,105405.0,86240.5,95388.8,99949.9,95785.4,95785.5,165810290,-2707.8,6.7e-05,UTC+8,"[-0.0274, -0.0824, -0.0026, 0.4691, 0.5692, 1.2578]","[-0.023, -0.0361, -0.0274]"
1735205987158,BTC_USDT,95789.8,-0.0274,95792.6,95823,895076925,8791626897.91225,105405.3,86240.7,95388.8,99949.9,95790.5,95790.6,166332985,-2703.5,6.7e-05,UTC+8,"[-0.0274, -0.0824, -0.0026, 0.4691, 0.5692, 1.2579]","[-0.023, -0.0361, -0.0274]"
1735205990166,BTC_USDT,95800.0,-0.0273,95800.0,95829.7,895207685,8792879505.52149,105412.6,86246.7,95388.8,99949.9,95799.9,95800.0,166413078,-2693.3,6.7e-05,UTC+8,"[-0.0273, -0.0823, -0.0025, 0.4693, 0.5694, 1.2582]","[-0.0229, -0.036, -0.0273]"
1735205992161,BTC_USDT,95800.0,-0.0273,95800.0,95829.8,895239414,8793183469.10676,105412.7,86246.8,95388.8,99949.9,95790.9,95791.0,166464993,-2693.3,6.7e-05,UTC+8,"[-0.0273, -0.0823, -0.0025, 0.4693, 0.5694, 1.2582]","[-0.0229, -0.036, -0.0273]"
1735205994168,BTC_USDT,95783.3,-0.0275,95787.6,95817.8,895359466,8794333326.23798,105399.5,86236.0,95388.8,99949.9,95783.3,95783.4,166191724,-2710.0,6.7e-05,UTC+8,"[-0.0275, -0.0824, -0.0026, 0.469, 0.5691, 1.2578]","[-0.023, -0.0361, -0.0275]"
1735205997167,BTC_USDT,95783.4,-0.0275,95787.8,95818,895373842,8794471024.91053,105399.8,86236.2,95388.8,99949.9,95783.3,95783.4,166205332,-2709.9,6.7e-05,UTC+8,"[-0.0275, -0.0824, -0.0026, 0.469, 0.5691, 1.2578]","[-0.023, -0.0361, -0.0275]"
1735205999165,BTC_USDT,95783.3,-0.0275,95787.8,95818,895428765,8794997095.89043,105399.8,86236.2,95388.8,99949.9,95783.3,95783.4,166298223,-2710.0,6.7e-05,UTC+8,"[-0.0275, -0.0824, -0.0026, 0.469, 0.5691, 1.2578]","[-0.023, -0.0361, -0.0275]"
1735206001171,BTC_USDT,95758.6,-0.0277,95759.3,95789.5,895459503,8795291501.31718,105368.4,86210.5,95388.8,99949.9,95758.6,95758.7,166385329,-2734.7,6.8e-05,UTC+8,"[-0.0277, -0.0827, -0.0029, 0.4686, 0.5687, 1.2572]","[-0.0233, -0.0364, -0.0277]"
1735206003160,BTC_USDT,95758.3,-0.0277,95759.0,95789.3,895480369,8795491310.73478,105368.2,86210.3,95388.8,99949.9,95758.2,95758.3,166393166,-2735.0,6.8e-05,UTC+8,"[-0.0277, -0.0827, -0.0029, 0.4686, 0.5687, 1.2572]","[-0.0233, -0.0364, -0.0277]"
1735206006159,BTC_USDT,95728.6,-0.028,95740.1,95769.9,895506011,8795736842.29711,105346.8,86192.9,95388.8,99949.9,95728.6,95728.7,166410018,-2764.7,6.8e-05,UTC+8,"[-0.028, -0.083, -0.0032, 0.4682, 0.5682, 1.2565]","[-0.0236, -0.0367, -0.028]"
1735206008163,BTC_USDT,95737.3,-0.0279,95737.7,95768,895562046,8796273263.74974,105344.8,86191.2,95388.8,99949.9,95737.3,95737.4,166429587,-2756.0,6.8e-05,UTC+8,"[-0.0279, -0.0829, -0.0031, 0.4683, 0.5684, 1.2567]","[-0.0235, -0.0366, -0.0279]"
1735206010160,BTC_USDT,95738.8,-0.0279,95744.0,95774.3,895572604,8796374343.84809,105351.7,86196.8,95388.8,99949.9,95738.7,95738.8,166443951,-2754.5,6.8e-05,UTC+8,"[-0.0279, -0.0829, -0.0031, 0.4683, 0.5684, 1.2567]","[-0.0235, -0.0366, -0.0279]"
1735206012166,BTC_USDT,95739.6,-0.0279,95743.9,95774.2,895576972,8796416162.52481,105351.6,86196.7,95388.8,99949.9,95739.6,95739.7,166444408,-2753.7,6.8e-05,UTC+8,"[-0.0279, -0.0829, -0.0031, 0.4683, 0.5684, 1.2567]","[-0.0235, -0.0366, -0.0279]"
1735206015151,BTC_USDT,95730.7,-0.028,95734.5,95764.8,895598365,8796620973.1584,105341.2,86188.3,95388.8,99949.9,95730.6,95730.7,166239590,-2762.6,6.8e-05,UTC+8,"[-0.028, -0.0829, -0.0032, 0.4682, 0.5683, 1.2565]","[-0.0236, -0.0367, -0.028]"
1735206017167,BTC_USDT,95730.7,-0.028,95733.0,95763.4,895605122,8796685658.3362,105339.7,86187.0,95388.8,99949.9,95730.6,95730.7,166239874,-2762.6,6.8e-05,UTC+8,"[-0.028, -0.0829, -0.0032, 0.4682, 0.5683, 1.2565]","[-0.0236, -0.0367, -0.028]"
1735206019161,BTC_USDT,95730.6,-0.028,95733.3,95763.7,895606537,8796699204.22719,105340.0,86187.3,95388.8,99949.9,95730.6,95730.7,166244065,-2762.7,6.8e-05,UTC+8,"[-0.028, -0.0829, -0.0032, 0.4682, 0.5683, 1.2565]","[-0.0236, -0.0367, -0.028]"
1735206021163,BTC_USDT,95722.0,-0.0281,95724.8,95755.1,895627736,8796902134.32835,105330.6,86179.5,95388.8,99949.9,95722.0,95722.1,166254624,-2771.3,6.8e-05,UTC+8,"[-0.0281, -0.083, -0.0033, 0.4681, 0.5681, 1.2563]","[-0.0237, -0.0368, -0.0281]"
1735206024163,BTC_USDT,95733.3,-0.028,95733.3,95762.1,895633780,8796959992.54895,105338.3,86185.8,95388.8,99949.9,95733.2,95733.3,166267116,-2760.0,6.8e-05,UTC+8,"[-0.028, -0.0829, -0.0031, 0.4683, 0.5683, 1.2566]","[-0.0236, -0.0366, -0.028]"
1735206026159,BTC_USDT,95721.1,-0.0281,95746.0,95750.6,895641449,8797033412.27858,105325.6,86175.5,95388.8,99949.9,95711.6,95711.7,166278722,-2772.2,6.8e-05,UTC+8,"[-0.0281, -0.083, -0.0033, 0.4681, 0.5681, 1.2563]","[-0.0237, -0.0368, -0.0281]"
1735206028168,BTC_USDT,95680.0,-0.0285,95681.6,95709.8,895662237,8797232330.07227,105280.7,86138.8,95388.8,99949.9,95680.0,95680.1,166294566,-2813.3,6.8e-05,UTC+8,"[-0.0285, -0.0834, -0.0037, 0.4674, 0.5674, 1.2553]","[-0.0241, -0.0372, -0.0285]"
1735206030165,BTC_USDT,95671.8,-0.0286,95670.1,95699.4,895669267,8797299588.07244,105269.3,86129.4,95388.8,99949.9,95671.7,95671.8,166301881,-2821.5,6.8e-05,UTC+8,"[-0.0286, -0.0835, -0.0038, 0.4673, 0.5673, 1.2551]","[-0.0242, -0.0373, -0.0286]"
1735206033164,BTC_USDT,95678.4,-0.0285,95685.1,95715.2,895674338,8797348106.48604,105286.7,86143.6,95388.8,99949.9,95678.3,95678.4,166194345,-2814.9,6.8e-05,UTC+8,"[-0.0285, -0.0834, -0.0037, 0.4674, 0.5674, 1.2553]","[-0.0241, -0.0372, -0.0285]"
1735206035165,BTC_USDT,95678.3,-0.0285,95685.1,95715.2,895686449,8797463982.50784,105286.7,86143.6,95388.8,99949.9,95678.3,95678.4,166216388,-2815.0,6.8e-05,UTC+8,"[-0.0285, -0.0834, -0.0037, 0.4674, 0.5674, 1.2553]","[-0.0241, -0.0372, -0.0285]"
1735206037168,BTC_USDT,95696.8,-0.0283,95709.1,95739.2,895693538,8797531809.62687,105313.1,86165.2,95388.8,99949.9,95696.8,95696.9,166223847,-2796.5,6.8e-05,UTC+8,"[-0.0283, -0.0833, -0.0035, 0.4677, 0.5677, 1.2557]","[-0.0239, -0.037, -0.0283]"
1735206040169,BTC_USDT,95684.8,-0.0285,95684.9,95713.9,895790181,8798456652.11235,105285.2,86142.5,95388.8,99949.9,95684.8,95684.9,166464576,-2808.5,6.8e-05,UTC+8,"[-0.0285, -0.0834, -0.0037, 0.4675, 0.5675, 1.2554]","[-0.024, -0.0371, -0.0285]"
1735206042175,BTC_USDT,95684.7,-0.0285,95684.9,95713.7,895828786,8798826042.97112,105285.0,86142.3,95388.8,99949.9,95684.7,95684.8,166469720,-2808.6,6.8e-05,UTC+8,"[-0.0285, -0.0834, -0.0037, 0.4675, 0.5675, 1.2554]","[-0.024, -0.0371, -0.0285]"
1735206044165,BTC_USDT,95684.8,-0.0285,95684.8,95713.7,895847698,8799007002.05891,105285.0,86142.3,95388.8,99949.9,95684.7,95684.8,166473421,-2808.5,6.8e-05,UTC+8,"[-0.0285, -0.0834, -0.0037, 0.4675, 0.5675, 1.2554]","[-0.024, -0.0371, -0.0285]"
1735206046165,BTC_USDT,95683.1,-0.0285,95683.5,95713.7,895877980,8799296754.27022,105285.0,86142.3,95388.8,99949.9,95683.1,95683.2,166486082,-2810.2,6.8e-05,UTC+8,"[-0.0285, -0.0834, -0.0037, 0.4675, 0.5675, 1.2554]","[-0.0241, -0.0371, -0.0285]"
1735206049162,BTC_USDT,95683.2,-0.0285,95683.3,95713.6,895912050,8799622746.81323,105284.9,86142.2,95388.8,99949.9,95683.1,95683.2,166497710,-2810.1,6.8e-05,UTC+8,"[-0.0285, -0.0834, -0.0037, 0.4675, 0.5675, 1.2554]","[-0.0241, -0.0371, -0.0285]"
1735206051165,BTC_USDT,95683.1,-0.0285,95683.6,95713.7,895916729,8799667516.96252,105285.0,86142.3,95388.8,99949.9,95683.1,95683.2,166266162,-2810.2,6.8e-05,UTC+8,"[-0.0285, -0.0834, -0.0037, 0.4675, 0.5675, 1.2554]","[-0.0241, -0.0371, -0.0285]"
1735206053166,BTC_USDT,95683.2,-0.0285,95683.6,95713.7,895933647,8799829393.75539,105285.0,86142.3,95388.8,99949.9,95683.1,95683.2,166270312,-2810.1,6.8e-05,UTC+8,"[-0.0285, -0.0834, -0.0037, 0.4675, 0.5675, 1.2554]","[-0.0241, -0.0371, -0.0285]"
1735206055165,BTC_USDT,95683.1,-0.0285,95683.3,95713.5,895936458,8799856290.29882,105284.8,86142.1,95388.8,99949.9,95683.1,95683.2,166275068,-2810.2,6.8e-05,UTC+8,"[-0.0285, -0.0834, -0.0037, 0.4675, 0.5675, 1.2554]","[-0.0241, -0.0371, -0.0285]"
1735206058167,BTC_USDT,95683.1,-0.0285,95683.1,95713.5,895948577,8799972248.70713,105284.8,86142.1,95388.8,99949.9,95683.1,95683.2,166299343,-2810.2,6.8e-05,UTC+8,"[-0.0285, -0.0834, -0.0037, 0.4675, 0.5675, 1.2554]","[-0.0241, -0.0371, -0.0285]"
1735206060185,BTC_USDT,95683.2,-0.0285,95683.2,95713.5,895950713,8799992686.6224,105284.8,86142.1,95388.8,99949.9,95683.1,95683.2,166303173,-2810.1,6.8e-05,UTC+8,"[-0.0285, -0.0834, -0.0037, 0.4675, 0.5675, 1.2554]","[-0.0241, -0.0371, -0.0285]"
1735206062168,BTC_USDT,95670.0,-0.0286,95675.0,95702.8,895958310,8800065375.30681,105273.0,86132.5,95388.8,99949.9,95669.9,95670.0,166318232,-2823.3,6.9e-05,UTC+8,"[-0.0286, -0.0835, -0.0038, 0.4673, 0.5673, 1.2551]","[-0.0242, -0.0373, -0.0286]"
1735206064159,BTC_USDT,95669.9,-0.0286,95672.4,95702.9,895969872,8800175989.37925,105273.1,86132.6,95388.8,99949.9,95669.9,95670.0,166333341,-2823.4,6.9e-05,UTC+8,"[-0.0286, -0.0835, -0.0038, 0.4673, 0.5673, 1.2551]","[-0.0242, -0.0373, -0.0286]"
1735206067163,BTC_USDT,95670.0,-0.0286,95672.3,95702.8,895976116,8800235725.69125,105273.0,86132.5,95388.8,99949.9,95669.9,95670.0,166345956,-2823.3,6.9e-05,UTC+8,"[-0.0286, -0.0835, -0.0038, 0.4673, 0.5673, 1.2551]","[-0.0242, -0.0373, -0.0286]"
1735206069166,BTC_USDT,95653.5,-0.0288,95655.0,95685.4,895985443,8800324945.02503,105253.9,86116.8,95388.8,99949.9,95653.4,95653.5,166355200,-2839.8,6.9e-05,UTC+8,"[-0.0288, -0.0837, -0.004, 0.467, 0.567, 1.2547]","[-0.0244, -0.0374, -0.0288]"
1735206071168,BTC_USDT,95673.4,-0.0286,95670.5,95701,896011477,8800573969.87634,105271.1,86130.9,95388.8,99949.9,95679.5,95679.6,166416753,-2819.9,6.9e-05,UTC+8,"[-0.0286, -0.0835, -0.0038, 0.4673, 0.5673, 1.2552]","[-0.0242, -0.0372, -0.0286]"
1735206073164,BTC_USDT,95683.1,-0.0285,95685.9,95716.5,896076393,8801195101.99202,105288.1,86144.8,95388.8,99949.9,95683.0,95683.1,166161481,-2810.2,6.9e-05,UTC+8,"[-0.0285, -0.0834, -0.0037, 0.4675, 0.5675, 1.2554]","[-0.0241, -0.0371, -0.0285]"
1735206076168,BTC_USDT,95683.1,-0.0285,95686.2,95716.8,896091704,8801341602.29746,105288.4,86145.1,95388.8,99949.9,95683.1,95683.2,166170574,-2810.2,6.9e-05,UTC+8,"[-0.0285, -0.0834, -0.0037, 0.4675, 0.5675, 1.2554]","[-0.0241, -0.0371, -0.0285]"
1735206078163,BTC_USDT,95666.0,-0.0287,95683.1,95692,896103973,8801458975.42618,105261.2,86122.8,95388.8,99949.9,95650.0,95650.1,166183164,-2827.3,6.9e-05,UTC+8,"[-0.0287, -0.0836, -0.0038, 0.4672, 0.5672, 1.255]","[-0.0242, -0.0373, -0.0287]"
1735206080164,BTC_USDT,95663.6,-0.0287,95668.8,95699.5,896186005,8802243630.03063,105269.4,86129.5,95388.8,99949.9,95663.5,95663.6,166231782,-2829.7,6.9e-05,UTC+8,"[-0.0287, -0.0836, -0.0039, 0.4672, 0.5672, 1.2549]","[-0.0243, -0.0373, -0.0287]"
1735206082169,BTC_USDT,95658.9,-0.0287,95663.5,95685.3,896187660,8802259462.28514,105253.8,86116.7,95388.8,99949.9,95650.4,95650.5,166245476,-2834.4,6.9e-05,UTC+8,"[-0.0287, -0.0836, -0.0039, 0.4671, 0.5671, 1.2548]","[-0.0243, -0.0374, -0.0287]"
1735206085162,BTC_USDT,95650.4,-0.0288,95654.4,95685.2,896205633,8802431377.65162,105253.7,86116.6,95388.8,99949.9,95650.4,95650.5,166274560,-2842.9,6.9e-05,UTC+8,"[-0.0288, -0.0837, -0.004, 0.467, 0.567, 1.2546]","[-0.0244, -0.0375, -0.0288]"
1735206087163,BTC_USDT,95650.5,-0.0288,95654.2,95685.1,896218688,8802556249.34647,105253.6,86116.5,95388.8,99949.9,95650.4,95650.5,166283467,-2842.8,6.9e-05,UTC+8,"[-0.0288, -0.0837, -0.004, 0.467, 0.567, 1.2546]","[-0.0244, -0.0375, -0.0288]"
1735206089167,BTC_USDT,95650.5,-0.0288,95654.2,95685.1,896228886,8802653793.71282,105253.6,86116.5,95388.8,99949.9,95650.4,95650.5,166288618,-2842.8,6.9e-05,UTC+8,"[-0.0288, -0.0837, -0.004, 0.467, 0.567, 1.2546]","[-0.0244, -0.0375, -0.0288]"
1735206091165,BTC_USDT,95663.5,-0.0287,95654.3,95685.3,896233485,8802697783.36107,105253.8,86116.7,95388.8,99949.9,95663.5,95663.6,166292402,-2829.8,6.9e-05,UTC+8,"[-0.0287, -0.0836, -0.0039, 0.4672, 0.5672, 1.2549]","[-0.0243, -0.0373, -0.0287]"
1735206094167,BTC_USDT,95663.5,-0.0287,95665.7,95696.6,896241667,8802776055.26213,105266.2,86126.9,95388.8,99949.9,95663.5,95663.6,166298389,-2829.8,6.9e-05,UTC+8,"[-0.0287, -0.0836, -0.0039, 0.4672, 0.5672, 1.2549]","[-0.0243, -0.0373, -0.0287]"
1735206096165,BTC_USDT,95680.0,-0.0285,95665.8,95697.3,896244604,8802804151.66429,105267.0,86127.5,95388.8,99949.9,95683.0,95683.1,166064983,-2813.3,6.9e-05,UTC+8,"[-0.0285, -0.0834, -0.0037, 0.4674, 0.5674, 1.2553]","[-0.0241, -0.0372, -0.0285]"
1735206098168,BTC_USDT,95683.0,-0.0285,95685.8,95716.8,896288021,8803219578.80155,105288.4,86145.1,95388.8,99949.9,95683.0,95683.1,166131889,-2810.3,6.9e-05,UTC+8,"[-0.0285, -0.0834, -0.0037, 0.4675, 0.5675, 1.2554]","[-0.0241, -0.0371, -0.0285]"
1735206101157,BTC_USDT,95683.1,-0.0285,95685.8,95716.8,896309581,8803425871.55237,105288.4,86145.1,95388.8,99949.9,95683.0,95683.1,166141627,-2810.2,6.9e-05,UTC+8,"[-0.0285, -0.0834, -0.0037, 0.4675, 0.5675, 1.2554]","[-0.0241, -0.0371, -0.0285]"
1735206103164,BTC_USDT,95689.1,-0.0284,95691.6,95722.6,896317974,8803506179.32942,105294.8,86150.3,95388.8,99949.9,95689.0,95689.1,166142880,-2804.2,6.9e-05,UTC+8,"[-0.0284, -0.0833, -0.0036, 0.4676, 0.5676, 1.2555]","[-0.024, -0.0371, -0.0284]"
1735206105146,BTC_USDT,95696.1,-0.0283,95692.2,95734.2,896360025,8803908569.94929,105307.6,86160.7,95388.8,99949.9,95696.1,95696.2,166199464,-2797.2,6.9e-05,UTC+8,"[-0.0283, -0.0833, -0.0035, 0.4677, 0.5677, 1.2557]","[-0.0239, -0.037, -0.0283]"
1735206107158,BTC_USDT,95696.2,-0.0283,95703.3,95734.4,896366317,8803968781.96915,105307.8,86160.9,95388.8,99949.9,95699.9,95700.0,166207377,-2797.1,6.9e-05,UTC+8,"[-0.0283, -0.0833, -0.0035, 0.4677, 0.5677, 1.2557]","[-0.0239, -0.037, -0.0283]"
1735206109159,BTC_USDT,95706.7,-0.0282,95715.5,95746.6,896376914,8804070202.34848,105321.2,86171.9,95388.8,99949.9,95706.7,95706.8,166209184,-2786.6,6.9e-05,UTC+8,"[-0.0282, -0.0832, -0.0034, 0.4678, 0.5679, 1.256]","[-0.0238, -0.0369, -0.0282]"
1735206112161,BTC_USDT,95697.2,-0.0283,95701.7,95732.5,896391280,8804207693.73093,105305.7,86159.2,95388.8,99949.9,95697.1,95697.2,166212000,-2796.1,6.9e-05,UTC+8,"[-0.0283, -0.0833, -0.0035, 0.4677, 0.5677, 1.2557]","[-0.0239, -0.037, -0.0283]"
1735206114159,BTC_USDT,95697.2,-0.0283,95701.1,95732.4,896428285,8804561820.88185,105305.6,86159.1,95388.8,99949.9,95697.1,95697.2,166212871,-2796.1,6.9e-05,UTC+8,"[-0.0283, -0.0833, -0.0035, 0.4677, 0.5677, 1.2557]","[-0.0239, -0.037, -0.0283]"
1735206116160,BTC_USDT,95697.1,-0.0283,95701.1,95732.4,896440834,8804681911.29083,105305.6,86159.1,95388.8,99949.9,95697.1,95697.2,165982795,-2796.2,6.9e-05,UTC+8,"[-0.0283, -0.0833, -0.0035, 0.4677, 0.5677, 1.2557]","[-0.0239, -0.037, -0.0283]"
1735206119166,BTC_USDT,95690.1,-0.0284,95694.6,95726,896442336,8804696284.74676,105298.6,86153.4,95388.8,99949.9,95690.0,95690.1,165983468,-2803.2,6.9e-05,UTC+8,"[-0.0284, -0.0833, -0.0036, 0.4676, 0.5676, 1.2556]","[-0.024, -0.0371, -0.0284]"
1735206121162,BTC_USDT,95683.8,-0.0285,95694.2,95725.6,896448030,8804750770.55119,105298.1,86153.0,95388.8,99949.9,95683.8,95683.9,165983936,-2809.5,7e-05,UTC+8,"[-0.0285, -0.0834, -0.0037, 0.4675, 0.5675, 1.2554]","[-0.0241, -0.0371, -0.0285]"
1735206123159,BTC_USDT,95675.5,-0.0286,95686.6,95718,896463176,8804895689.51123,105289.8,86146.2,95388.8,99949.9,95675.5,95675.6,166022078,-2817.8,7e-05,UTC+8,"[-0.0286, -0.0835, -0.0037, 0.4674, 0.5674, 1.2552]","[-0.0241, -0.0372, -0.0286]"
1735206125164,BTC_USDT,95675.6,-0.0286,95680.7,95712.3,896500163,8805249564.84333,105283.5,86141.0,95388.8,99949.9,95675.5,95675.6,166150627,-2817.7,7e-05,UTC+8,"[-0.0286, -0.0835, -0.0037, 0.4674, 0.5674, 1.2552]","[-0.0241, -0.0372, -0.0286]"
1735206127158,BTC_USDT,95683.3,-0.0285,95690.8,95713,896514631,8805387988.1608,105284.3,86141.7,95388.8,99949.9,95683.3,95683.4,166151304,-2810.0,7e-05,UTC+8,"[-0.0285, -0.0834, -0.0037, 0.4675, 0.5675, 1.2554]","[-0.0241, -0.0371, -0.0285]"
1735206130157,BTC_USDT,95705.9,-0.0283,95705.9,95737.3,896519740,8805436882.28847,105311.0,86163.5,95388.8,99949.9,95705.9,95706.0,166153986,-2787.4,7e-05,UTC+8,"[-0.0283, -0.0832, -0.0034, 0.4678, 0.5679, 1.2559]","[-0.0238, -0.0369, -0.0283]"
1735206132199,BTC_USDT,95724.1,-0.0281,95724.2,95755.9,896534444,8805577634.45107,105331.4,86180.3,95388.8,99949.9,95724.1,95724.2,166154626,-2769.2,7e-05,UTC+8,"[-0.0281, -0.083, -0.0032, 0.4681, 0.5682, 1.2564]","[-0.0236, -0.0367, -0.0281]"
1735206134157,BTC_USDT,95724.2,-0.0281,95724.2,95756.1,896549041,8805717363.02117,105331.7,86180.4,95388.8,99949.9,95724.1,95724.2,166190886,-2769.1,7e-05,UTC+8,"[-0.0281, -0.083, -0.0032, 0.4681, 0.5682, 1.2564]","[-0.0236, -0.0367, -0.0281]"
1735206137161,BTC_USDT,95750.0,-0.0278,95740.0,95757.9,896634642,8806536748.44809,105333.6,86182.1,95388.8,99949.9,95754.0,95754.1,166410126,-2743.3,7e-05,UTC+8,"[-0.0278, -0.0828, -0.003, 0.4685, 0.5686, 1.257]","[-0.0234, -0.0365, -0.0278]"
1735206139157,BTC_USDT,95750.0,-0.0278,95756.1,95787.9,896667483,8806851205.60844,105366.6,86209.1,95388.8,99949.9,95750.0,95750.1,166426671,-2743.3,7e-05,UTC+8,"[-0.0278, -0.0828, -0.003, 0.4685, 0.5686, 1.257]","[-0.0234, -0.0365, -0.0278]"
1735206141162,BTC_USDT,95750.0,-0.0278,95756.0,95787.9,896714789,8807304160.71817,105366.6,86209.1,95388.8,99949.9,95750.0,95750.1,166428612,-2743.3,7e-05,UTC+8,"[-0.0278, -0.0828, -0.003, 0.4685, 0.5686, 1.257]","[-0.0234, -0.0365, -0.0278]"
1735206143158,BTC_USDT,95745.6,-0.0278,95756.0,95787.9,896733650,8807484752.25223,105366.6,86209.1,95388.8,99949.9,95745.6,95745.7,166476661,-2747.7,7e-05,UTC+8,"[-0.0278, -0.0828, -0.003, 0.4684, 0.5685, 1.2569]","[-0.0234, -0.0365, -0.0278]"
1735206146164,BTC_USDT,95745.3,-0.0279,95755.7,95787.8,896746062,8807603591.51443,105366.5,86209.0,95388.8,99949.9,95745.3,95745.4,166502264,-2748.0,7e-05,UTC+8,"[-0.0279, -0.0828, -0.003, 0.4684, 0.5685, 1.2569]","[-0.0234, -0.0365, -0.0279]"
1735206148163,BTC_USDT,95720.8,-0.0281,95736.1,95756.6,896773701,8807868194.25303,105332.2,86180.9,95388.8,99949.9,95716.3,95716.4,166567669,-2772.5,7e-05,UTC+8,"[-0.0281, -0.083, -0.0033, 0.4681, 0.5681, 1.2563]","[-0.0237, -0.0368, -0.0281]"
1735206150161,BTC_USDT,95702.6,-0.0283,95717.4,95749.5,896779058,8807919468.66024,105324.4,86174.5,95388.8,99949.9,95702.5,95702.6,166571128,-2790.7,7e-05,UTC+8,"[-0.0283, -0.0832, -0.0035, 0.4678, 0.5678, 1.2559]","[-0.0239, -0.037, -0.0283]"
1735206152167,BTC_USDT,95701.2,-0.0283,95704.4,95736.5,896789201,8808016538.36297,105310.1,86162.8,95388.8,99949.9,95701.1,95701.2,166589107,-2792.1,7e-05,UTC+8,"[-0.0283, -0.0832, -0.0035, 0.4678, 0.5678, 1.2558]","[-0.0239, -0.037, -0.0283]"
1735206155165,BTC_USDT,95745.4,-0.0278,95745.4,95776.6,896803240,8808150907.97309,105354.2,86198.9,95388.8,99949.9,95745.3,95745.4,166410968,-2747.9,7e-05,UTC+8,"[-0.0278, -0.0828, -0.003, 0.4684, 0.5685, 1.2569]","[-0.0234, -0.0365, -0.0278]"
1735206157168,BTC_USDT,95749.6,-0.0278,95752.7,95784.9,896804576,8808163700.01469,105363.3,86206.4,95388.8,99949.9,95749.6,95749.7,166411404,-2743.7,7e-05,UTC+8,"[-0.0278, -0.0828, -0.003, 0.4685, 0.5686, 1.257]","[-0.0234, -0.0365, -0.0278]"
1735206159162,BTC_USDT,95766.5,-0.0276,95760.5,95792.7,896806273,8808179949.28817,105371.9,86213.4,95388.8,99949.9,95766.4,95766.5,166413034,-2726.8,7e-05,UTC+8,"[-0.0276, -0.0826, -0.0028, 0.4688, 0.5689, 1.2574]","[-0.0232, -0.0363, -0.0276]"
1735206162166,BTC_USDT,95764.0,-0.0277,95767.6,95799.9,896854684,8808643508.53784,105379.8,86219.9,95388.8,99949.9,95763.9,95764.0,166421192,-2729.3,7e-05,UTC+8,"[-0.0277, -0.0826, -0.0028, 0.4687, 0.5688, 1.2573]","[-0.0232, -0.0363, -0.0277]"
1735206164163,BTC_USDT,95757.2,-0.0277,95767.8,95800.2,896856701,8808662822.78995,105380.2,86220.1,95388.8,99949.9,95755.8,95755.9,166424511,-2736.1,7e-05,UTC+8,"[-0.0277, -0.0827, -0.0029, 0.4686, 0.5687, 1.2571]","[-0.0233, -0.0364, -0.0277]"
1735206166162,BTC_USDT,95755.0,-0.0278,95764.7,95797.1,896886880,8808951802.98125,105376.8,86217.3,95388.8,99949.9,95754.9,95755.0,166448282,-2738.3,7e-05,UTC+8,"[-0.0278, -0.0827, -0.0029, 0.4686, 0.5687, 1.2571]","[-0.0233, -0.0364, -0.0278]"
1735206168165,BTC_USDT,95757.1,-0.0277,95765.2,95797.8,896887617,8808958860.19136,105377.5,86218.0,95388.8,99949.9,95757.0,95757.1,166448926,-2736.2,7e-05,UTC+8,"[-0.0277, -0.0827, -0.0029, 0.4686, 0.5687, 1.2571]","[-0.0233, -0.0364, -0.0277]"
1735206171160,BTC_USDT,95755.1,-0.0278,95771.5,95804,896890211,8808983701.74571,105384.4,86223.6,95388.8,99949.9,95755.0,95755.1,166455658,-2738.2,7e-05,UTC+8,"[-0.0278, -0.0827, -0.0029, 0.4686, 0.5687, 1.2571]","[-0.0233, -0.0364, -0.0278]"
1735206173166,BTC_USDT,95754.3,-0.0278,95761.6,95794.3,896899654,8809074123.05563,105373.7,86214.8,95388.8,99949.9,95754.2,95754.3,166473500,-2739.0,7e-05,UTC+8,"[-0.0278, -0.0827, -0.0029, 0.4686, 0.5687, 1.2571]","[-0.0233, -0.0364, -0.0278]"
1735206175165,BTC_USDT,95749.3,-0.0278,95761.7,95794.4,896900363,8809080911.89513,105373.8,86214.9,95388.8,99949.9,95749.3,95749.4,166474076,-2744.0,7e-05,UTC+8,"[-0.0278, -0.0828, -0.003, 0.4685, 0.5686, 1.257]","[-0.0234, -0.0365, -0.0278]"
1735206177167,BTC_USDT,95749.1,-0.0278,95761.5,95794.3,896907865,8809152743.04492,105373.7,86214.8,95388.8,99949.9,95749.0,95749.1,166484840,-2744.2,7e-05,UTC+8,"[-0.0278, -0.0828, -0.003, 0.4685, 0.5686, 1.257]","[-0.0234, -0.0365, -0.0278]"
1735206180186,BTC_USDT,95749.1,-0.0278,95761.3,95794.3,896916585,8809236236.25684,105373.7,86214.8,95388.8,99949.9,95749.0,95749.1,166340131,-2744.2,7e-05,UTC+8,"[-0.0278, -0.0828, -0.003, 0.4685, 0.5686, 1.257]","[-0.0234, -0.0365, -0.0278]"
1735206182189,BTC_USDT,95716.1,-0.0281,95732.5,95765.6,896979356,8809837090.01369,105342.1,86189.0,95388.8,99949.9,95712.1,95716.1,166519245,-2777.2,7e-05,UTC+8,"[-0.0281, -0.0831, -0.0033, 0.468, 0.568, 1.2562]","[-0.0237, -0.0368, -0.0281]"
1735206184164,BTC_USDT,95712.2,-0.0282,95722.0,95755.2,896991330,8809951699.56239,105330.7,86179.6,95388.8,99949.9,95712.1,95712.2,166525088,-2781.1,7e-05,UTC+8,"[-0.0282, -0.0831, -0.0034, 0.4679, 0.568, 1.2561]","[-0.0238, -0.0369, -0.0282]"
1735206186163,BTC_USDT,95712.1,-0.0282,95722.0,95755.2,896993472,8809972201.11002,105330.7,86179.6,95388.8,99949.9,95712.1,95712.2,166527568,-2781.2,7e-05,UTC+8,"[-0.0282, -0.0831, -0.0034, 0.4679, 0.568, 1.2561]","[-0.0238, -0.0369, -0.0282]"
1735206189165,BTC_USDT,95712.1,-0.0282,95721.8,95755.2,897004427,8810077061.01702,105330.7,86179.6,95388.8,99949.9,95712.1,95713.8,166540633,-2781.2,7e-05,UTC+8,"[-0.0282, -0.0831, -0.0034, 0.4679, 0.568, 1.2561]","[-0.0238, -0.0369, -0.0282]"
1735206191162,BTC_USDT,95720.5,-0.0281,95725.0,95758.4,897005423,8810086594.28055,105334.2,86182.5,95388.8,99949.9,95720.4,95720.5,166542350,-2772.8,7e-05,UTC+8,"[-0.0281, -0.083, -0.0033, 0.4681, 0.5681, 1.2563]","[-0.0237, -0.0368, -0.0281]"
1735206193201,BTC_USDT,95726.5,-0.028,95732.5,95764.8,897007754,8810108908.48172,105341.2,86188.3,95388.8,99949.9,95726.5,95726.6,166545734,-2766.8,7e-05,UTC+8,"[-0.028, -0.083, -0.0032, 0.4681, 0.5682, 1.2564]","[-0.0236, -0.0367, -0.028]"
1735206195163,BTC_USDT,95729.3,-0.028,95737.0,95770.5,897010029,8810130686.50187,105347.5,86193.4,95388.8,99949.9,95729.3,95729.4,166548344,-2764.0,7e-05,UTC+8,"[-0.028, -0.083, -0.0032, 0.4682, 0.5683, 1.2565]","[-0.0236, -0.0367, -0.028]"
1735206198165,BTC_USDT,95720.9,-0.0281,95726.6,95760.1,897012027,8810149812.36901,105336.1,86184.0,95388.8,99949.9,95720.9,95721.0,166550565,-2772.4,7e-05,UTC+8,"[-0.0281, -0.083, -0.0033, 0.4681, 0.5681, 1.2563]","[-0.0237, -0.0368, -0.0281]"
1735206200166,BTC_USDT,95713.1,-0.0282,95722.3,95755.9,897050656,8810519542.20695,105331.4,86180.3,95388.8,99949.9,95713.0,95713.1,166551688,-2780.2,7e-05,UTC+8,"[-0.0282, -0.0831, -0.0034, 0.4679, 0.568, 1.2561]","[-0.0238, -0.0368, -0.0282]"
1735206202165,BTC_USDT,95720.0,-0.0281,95722.1,95755.9,897054288,8810554305.21312,105331.4,86180.3,95388.8,99949.9,95720.0,95720.1,166552948,-2773.3,7e-05,UTC+8,"[-0.0281, -0.083, -0.0033, 0.468, 0.5681, 1.2563]","[-0.0237, -0.0368, -0.0281]"
1735206205160,BTC_USDT,95713.3,-0.0282,95722.3,95756.2,897055115,8810562221.25534,105331.8,86180.5,95388.8,99949.9,95713.2,95713.3,166554846,-2780.0,7e-05,UTC+8,"[-0.0282, -0.0831, -0.0034, 0.4679, 0.568, 1.2561]","[-0.0238, -0.0368, -0.0282]"
1735206206377,BTC_USDT,95712.2,-0.0282,95721.8,95755.8,897055305,8810564039.80052,105331.3,86180.2,95388.8,99949.9,95712.2,95712.3,166555234,-2781.1,7e-05,UTC+8,"[-0.0282, -0.0831, -0.0034, 0.4679, 0.568, 1.2561]","[-0.0238, -0.0369, -0.0282]"
1735206209165,BTC_USDT,95712.3,-0.0282,95721.7,95755.8,897056033,8810571007.65328,105331.3,86180.2,95388.8,99949.9,95712.2,95712.3,166556624,-2781.0,7e-05,UTC+8,"[-0.0282, -0.0831, -0.0034, 0.4679, 0.568, 1.2561]","[-0.0238, -0.0369, -0.0282]"
1735206211162,BTC_USDT,95712.5,-0.0282,95721.7,95755.8,897061555,8810623860.14217,105331.3,86180.2,95388.8,99949.9,95712.5,95712.6,166575502,-2780.8,7e-05,UTC+8,"[-0.0282, -0.0831, -0.0034, 0.4679, 0.568, 1.2561]","[-0.0238, -0.0369, -0.0282]"
1735206214165,BTC_USDT,95704.0,-0.0283,95711.3,95745.5,897062020,8810628310.46772,105320.0,86170.9,95388.8,99949.9,95704.0,95704.1,166445456,-2789.3,7e-05,UTC+8,"[-0.0283, -0.0832, -0.0035, 0.4678, 0.5678, 1.2559]","[-0.0239, -0.0369, -0.0283]"
1735206216163,BTC_USDT,95704.1,-0.0283,95711.2,95745.5,897062216,8810630186.2669,105320.0,86170.9,95388.8,99949.9,95704.0,95704.1,166446615,-2789.2,7e-05,UTC+8,"[-0.0283, -0.0832, -0.0035, 0.4678, 0.5678, 1.2559]","[-0.0238, -0.0369, -0.0283]"
1735206218165,BTC_USDT,95712.1,-0.0282,95711.2,95745.6,897062746,8810635258.66229,105320.1,86171.0,95388.8,99949.9,95712.0,95712.1,166447011,-2781.2,7e-05,UTC+8,"[-0.0282, -0.0831, -0.0034, 0.4679, 0.568, 1.2561]","[-0.0238, -0.0369, -0.0282]"
1735206220176,BTC_USDT,95712.0,-0.0282,95712.1,95745.6,897068971,8810694839.40249,105320.1,86171.0,95388.8,99949.9,95712.0,95712.1,166463038,-2781.3,7e-05,UTC+8,"[-0.0282, -0.0831, -0.0034, 0.4679, 0.568, 1.2561]","[-0.0238, -0.0369, -0.0282]"
1735206223164,BTC_USDT,95707.7,-0.0282,95712.1,95745.4,897099230,8810984453.96647,105319.9,86170.8,95388.8,99949.9,95707.7,95707.8,166520005,-2785.6,7e-05,UTC+8,"[-0.0282, -0.0832, -0.0034, 0.4679, 0.5679, 1.256]","[-0.0238, -0.0369, -0.0282]"
1735206225167,BTC_USDT,95707.8,-0.0282,95711.1,95745.5,897100544,8810997029.95902,105320.0,86170.9,95388.8,99949.9,95707.7,95707.8,166520224,-2785.5,7e-05,UTC+8,"[-0.0282, -0.0832, -0.0034, 0.4679, 0.5679, 1.256]","[-0.0238, -0.0369, -0.0282]"
1735206227164,BTC_USDT,95707.3,-0.0282,95711.9,95745.5,897103040,8811020918.52272,105320.0,86170.9,95388.8,99949.9,95704.3,95704.4,166528764,-2786.0,7e-05,UTC+8,"[-0.0282, -0.0832, -0.0034, 0.4679, 0.5679, 1.256]","[-0.0238, -0.0369, -0.0282]"
1735206229164,BTC_USDT,95704.4,-0.0283,95710.8,95745.3,897134461,8811321633.19614,105319.8,86170.7,95388.8,99949.9,95704.3,95704.4,166528764,-2788.9,7e-05,UTC+8,"[-0.0283, -0.0832, -0.0034, 0.4678, 0.5678, 1.2559]","[-0.0238, -0.0369, -0.0283]"
1735206232160,BTC_USDT,95710.0,-0.0282,95710.6,95745.3,897134673,8811323662.13289,105319.8,86170.7,95388.8,99949.9,95709.9,95710.0,166529174,-2783.3,7e-05,UTC+8,"[-0.0282, -0.0831, -0.0034, 0.4679, 0.5679, 1.256]","[-0.0238, -0.0369, -0.0282]"
1735206234165,BTC_USDT,95710.0,-0.0282,95711.1,95745.8,897141615,8811390103.94627,105320.3,86171.2,95388.8,99949.9,95709.9,95710.0,166529358,-2783.3,7e-05,UTC+8,"[-0.0282, -0.0831, -0.0034, 0.4679, 0.5679, 1.256]","[-0.0238, -0.0369, -0.0282]"
1735206236164,BTC_USDT,95710.0,-0.0282,95710.7,95745.5,897161152,8811577092.57223,105320.0,86170.9,95388.8,99949.9,95709.9,95710.0,166599097,-2783.3,7e-05,UTC+8,"[-0.0282, -0.0831, -0.0034, 0.4679, 0.5679, 1.256]","[-0.0238, -0.0369, -0.0282]"
1735206238170,BTC_USDT,95710.0,-0.0282,95710.7,95745.7,897171545,8811676563.88995,105320.2,86171.1,95388.8,99949.9,95709.9,95710.0,166449398,-2783.3,7e-05,UTC+8,"[-0.0282, -0.0831, -0.0034, 0.4679, 0.5679, 1.256]","[-0.0238, -0.0369, -0.0282]"
1735206241167,BTC_USDT,95709.9,-0.0282,95710.5,95745.4,897171939,8811680334.8614,105319.9,86170.8,95388.8,99949.9,95709.9,95710.0,166449780,-2783.4,7e-05,UTC+8,"[-0.0282, -0.0831, -0.0034, 0.4679, 0.5679, 1.256]","[-0.0238, -0.0369, -0.0282]"
1735206243161,BTC_USDT,95707.6,-0.0282,95710.4,95745.4,897180521,8811762472.99114,105319.9,86170.8,95388.8,99949.9,95707.5,95707.6,166449852,-2785.7,7e-05,UTC+8,"[-0.0282, -0.0832, -0.0034, 0.4679, 0.5679, 1.256]","[-0.0238, -0.0369, -0.0282]"
1735206245162,BTC_USDT,95707.1,-0.0282,95710.3,95745.3,897181184,8811768818.37881,105319.8,86170.7,95388.8,99949.9,95707.1,95707.2,166452080,-2786.2,7e-05,UTC+8,"[-0.0282, -0.0832, -0.0034, 0.4679, 0.5679, 1.256]","[-0.0238, -0.0369, -0.0282]"
1735206247157,BTC_USDT,95721.0,-0.0281,95710.5,95745.5,897192093,8811873239.17951,105320.0,86170.9,95388.8,99949.9,95720.9,95721.0,166453171,-2772.3,7e-05,UTC+8,"[-0.0281, -0.083, -0.0033, 0.4681, 0.5681, 1.2563]","[-0.0237, -0.0368, -0.0281]"
1735206250163,BTC_USDT,95700.0,-0.0283,95708.0,95743.1,897221653,8812156157.4561,105317.4,86168.7,95388.8,99949.9,95700.0,95700.1,166619311,-2793.3,7e-05,UTC+8,"[-0.0283, -0.0832, -0.0035, 0.4677, 0.5678, 1.2558]","[-0.0239, -0.037, -0.0283]"
1735206252164,BTC_USDT,95706.6,-0.0282,95708.0,95743.1,897285774,8812769795.77752,105317.4,86168.7,95388.8,99949.9,95700.0,95700.1,166620319,-2786.7,7e-05,UTC+8,"[-0.0282, -0.0832, -0.0034, 0.4678, 0.5679, 1.256]","[-0.0238, -0.0369, -0.0282]"
1735206254204,BTC_USDT,95700.0,-0.0283,95707.5,95742.7,897287051,8812782016.72341,105316.9,86168.4,95388.8,99949.9,95700.0,95700.1,166624534,-2793.3,7e-05,UTC+8,"[-0.0283, -0.0832, -0.0035, 0.4677, 0.5678, 1.2558]","[-0.0239, -0.037, -0.0283]"
1735206257144,BTC_USDT,95690.1,-0.0284,95693.1,95728.4,897291851,8812827948.38644,105301.2,86155.5,95388.8,99949.9,95690.0,95690.1,166416134,-2803.2,7e-05,UTC+8,"[-0.0284, -0.0833, -0.0036, 0.4676, 0.5676, 1.2556]","[-0.024, -0.0371, -0.0284]"
1735206259167,BTC_USDT,95690.0,-0.0284,95693.1,95728.4,897301646,8812921676.77031,105301.2,86155.5,95388.8,99949.9,95690.0,95690.1,166436755,-2803.3,7e-05,UTC+8,"[-0.0284, -0.0833, -0.0036, 0.4676, 0.5676, 1.2556]","[-0.024, -0.0371, -0.0284]"
1735206261165,BTC_USDT,95688.5,-0.0284,95692.7,95728.1,897301660,8812921810.73513,105300.9,86155.2,95388.8,99949.9,95687.3,95687.4,166436755,-2804.8,7e-05,UTC+8,"[-0.0284, -0.0834, -0.0036, 0.4676, 0.5676, 1.2555]","[-0.024, -0.0371, -0.0284]"
1735206263160,BTC_USDT,95680.6,-0.0285,95680.7,95714.5,897316654,8813065274.28733,105285.9,86143.0,95388.8,99949.9,95680.6,95680.7,166438911,-2812.7,7e-05,UTC+8,"[-0.0285, -0.0834, -0.0037, 0.4674, 0.5675, 1.2553]","[-0.0241, -0.0372, -0.0285]"
1735206266165,BTC_USDT,95680.6,-0.0285,95680.6,95714.6,897341733,8813305231.74342,105286.0,86143.1,95388.8,99949.9,95680.6,95680.7,166444563,-2812.7,7e-05,UTC+8,"[-0.0285, -0.0834, -0.0037, 0.4674, 0.5675, 1.2553]","[-0.0241, -0.0372, -0.0285]"
1735206268163,BTC_USDT,95680.7,-0.0285,95680.7,95714.6,897341969,8813307489.80576,105286.0,86143.1,95388.8,99949.9,95680.6,95680.7,166444567,-2812.6,7e-05,UTC+8,"[-0.0285, -0.0834, -0.0037, 0.4674, 0.5675, 1.2553]","[-0.0241, -0.0372, -0.0285]"
1735206270157,BTC_USDT,95708.0,-0.0282,95707.9,95741.5,897344610,8813332759.76735,105315.6,86167.3,95388.8,99949.9,95707.9,95708.0,166447108,-2785.3,7e-05,UTC+8,"[-0.0282, -0.0832, -0.0034, 0.4679, 0.5679, 1.256]","[-0.0238, -0.0369, -0.0282]"
1735206272161,BTC_USDT,95707.9,-0.0282,95710.3,95745.9,897348840,8813373244.23947,105320.4,86171.3,95388.8,99949.9,95707.9,95708.0,166327304,-2785.4,7e-05,UTC+8,"[-0.0282, -0.0832, -0.0034, 0.4679, 0.5679, 1.256]","[-0.0238, -0.0369, -0.0282]"
1735206275148,BTC_USDT,95703.2,-0.0283,95710.2,95745.8,897351466,8813398376.52538,105320.3,86171.2,95388.8,99949.9,95703.2,95703.3,166332114,-2790.1,7e-05,UTC+8,"[-0.0283, -0.0832, -0.0035, 0.4678, 0.5678, 1.2559]","[-0.0239, -0.0369, -0.0283]"
1735206277164,BTC_USDT,95700.5,-0.0283,95702.5,95738.2,897367074,8813547745.88899,105312.0,86164.3,95388.8,99949.9,95700.5,95700.6,166336740,-2792.8,7e-05,UTC+8,"[-0.0283, -0.0832, -0.0035, 0.4677, 0.5678, 1.2558]","[-0.0239, -0.037, -0.0283]"
1735206279161,BTC_USDT,95725.0,-0.0281,95726.7,95762.4,897380796,8813679087.95511,105338.6,86186.1,95388.8,99949.9,95725.7,95725.8,166363099,-2768.3,7e-05,UTC+8,"[-0.0281, -0.083, -0.0032, 0.4681, 0.5682, 1.2564]","[-0.0236, -0.0367, -0.0281]"
1735206281165,BTC_USDT,95730.3,-0.028,95740.2,95775.9,897398737,8813850837.69909,105353.4,86198.3,95388.8,99949.9,95730.3,95730.4,166400838,-2763.0,7e-05,UTC+8,"[-0.028, -0.083, -0.0032, 0.4682, 0.5683, 1.2565]","[-0.0236, -0.0367, -0.028]"
1735206284162,BTC_USDT,95739.8,-0.0279,95745.7,95781.4,897402757,8813889324.77214,105359.5,86203.2,95388.8,99949.9,95739.8,95739.9,166403221,-2753.5,7e-05,UTC+8,"[-0.0279, -0.0829, -0.0031, 0.4684, 0.5684, 1.2567]","[-0.0235, -0.0366, -0.0279]"
1735206286163,BTC_USDT,95739.9,-0.0279,95745.8,95781.6,897473826,8814569738.41364,105359.7,86203.4,95388.8,99949.9,95739.8,95739.9,166403221,-2753.4,7e-05,UTC+8,"[-0.0279, -0.0829, -0.0031, 0.4684, 0.5684, 1.2567]","[-0.0235, -0.0366, -0.0279]"
1735206288159,BTC_USDT,95739.9,-0.0279,95745.3,95781.2,897478215,8814611758.64329,105359.3,86203.0,95388.8,99949.9,95739.8,95739.9,166413560,-2753.4,7e-05,UTC+8,"[-0.0279, -0.0829, -0.0031, 0.4684, 0.5684, 1.2567]","[-0.0235, -0.0366, -0.0279]"
1735206290163,BTC_USDT,95739.8,-0.0279,95745.3,95781.2,897483338,8814660806.15678,105359.3,86203.0,95388.8,99949.9,95739.8,95739.9,166422218,-2753.5,7e-05,UTC+8,"[-0.0279, -0.0829, -0.0031, 0.4684, 0.5684, 1.2567]","[-0.0235, -0.0366, -0.0279]"
1735206293161,BTC_USDT,95774.8,-0.0276,95774.9,95806.5,897486591,8814691955.81388,105387.1,86225.8,95388.8,99949.9,95774.8,95774.9,166362242,-2718.5,7e-05,UTC+8,"[-0.0276, -0.0825, -0.0027, 0.4689, 0.569, 1.2576]","[-0.0231, -0.0362, -0.0276]"
1735206295157,BTC_USDT,95775.1,-0.0275,95777.8,95813.9,897497130,8814792893.0487,105395.2,86232.5,95388.8,99949.9,95775.1,95775.2,166376008,-2718.2,7e-05,UTC+8,"[-0.0275, -0.0825, -0.0027, 0.4689, 0.569, 1.2576]","[-0.0231, -0.0362, -0.0275]"
1735206297162,BTC_USDT,95769.2,-0.0276,95777.2,95813.4,897499622,8814816759.01246,105394.7,86232.0,95388.8,99949.9,95769.2,95769.3,166376008,-2724.1,7e-05,UTC+8,"[-0.0276, -0.0826, -0.0028, 0.4688, 0.5689, 1.2574]","[-0.0232, -0.0363, -0.0276]"
1735206299163,BTC_USDT,95759.6,-0.0277,95776.7,95813,897513963,8814954101.60888,105394.3,86231.7,95388.8,99949.9,95759.6,95759.7,166393238,-2733.7,7e-05,UTC+8,"[-0.0277, -0.0827, -0.0029, 0.4687, 0.5688, 1.2572]","[-0.0233, -0.0364, -0.0277]"
1735206302168,BTC_USDT,95739.8,-0.0279,95744.8,95781.2,897514513,8814959367.91237,105359.3,86203.0,95388.8,99949.9,95730.6,95730.7,166393285,-2753.5,7e-05,UTC+8,"[-0.0279, -0.0829, -0.0031, 0.4684, 0.5684, 1.2567]","[-0.0235, -0.0366, -0.0279]"
1735206304163,BTC_USDT,95726.2,-0.028,95728.8,95765.1,897533991,8815145825.31821,105341.6,86188.5,95388.8,99949.9,95726.2,95726.3,166395808,-2767.1,7e-05,UTC+8,"[-0.028, -0.083, -0.0032, 0.4681, 0.5682, 1.2564]","[-0.0236, -0.0367, -0.028]"
1735206306165,BTC_USDT,95706.6,-0.0282,95717.8,95754.2,897553352,8815331132.78082,105329.6,86178.7,95388.8,99949.9,95706.6,95706.7,166428216,-2786.7,7e-05,UTC+8,"[-0.0282, -0.0832, -0.0034, 0.4678, 0.5679, 1.256]","[-0.0238, -0.0369, -0.0282]"
1735206308165,BTC_USDT,95696.0,-0.0284,95701.6,95738.1,897559832,8815393147.02213,105311.9,86164.2,95388.8,99949.9,95695.9,95696.0,166438749,-2797.3,7e-05,UTC+8,"[-0.0284, -0.0833, -0.0035, 0.4677, 0.5677, 1.2557]","[-0.0239, -0.037, -0.0284]"
1735206311164,BTC_USDT,95673.6,-0.0286,95693.8,95728.1,897561273,8815406936.10169,105300.9,86155.2,95388.8,99949.9,95673.5,95673.6,166438807,-2819.7,7e-05,UTC+8,"[-0.0286, -0.0835, -0.0038, 0.4673, 0.5673, 1.2552]","[-0.0242, -0.0372, -0.0286]"
1735206313164,BTC_USDT,95671.8,-0.0286,95677.4,95714.1,897567140,8815463067.44967,105285.5,86142.6,95388.8,99949.9,95671.8,95671.9,166441302,-2821.5,7e-05,UTC+8,"[-0.0286, -0.0835, -0.0038, 0.4673, 0.5673, 1.2551]","[-0.0242, -0.0373, -0.0286]"
1735206315197,BTC_USDT,95670.9,-0.0286,95677.3,95714,897591372,8815694897.37181,105285.4,86142.6,95388.8,99949.9,95670.9,95671.0,166491626,-2822.4,7e-05,UTC+8,"[-0.0286, -0.0835, -0.0038, 0.4673, 0.5673, 1.2551]","[-0.0242, -0.0373, -0.0286]"
1735206318163,BTC_USDT,95673.6,-0.0286,95677.5,95714.3,897591633,8815697394.38954,105285.7,86142.8,95388.8,99949.9,95673.5,95673.6,166435498,-2819.7,7e-05,UTC+8,"[-0.0286, -0.0835, -0.0038, 0.4673, 0.5673, 1.2552]","[-0.0242, -0.0372, -0.0286]"
