timestamp,symbol,lastPrice,riseFallRate,fairPrice,indexPrice,volume24,amount24,maxBidPrice,minAskPrice,lower24Price,high24Price,bid1,ask1,holdVol,riseFallValue,fundingRate,zone,riseFallRates,riseFallRatesOfTimezone
1730205922096,BTC_USDT,71235.3,0.0404,71240.9,71249.8,890371722,6219423915.04838,78374.7,64124.8,68395.4,71606.3,71235.3,71235.4,92370884,2770.2,0.0001,UTC+8,"[0.0404, 0.0576, 0.086, 0.076, 0.2527, 1.0671]","[0.0364, 0.0185, 0.0404]"
1730205924108,BTC_USDT,71235.4,0.0404,71240.9,71249.9,890371811,6219424547.61872,78374.8,64124.9,68395.4,71606.3,71235.3,71235.4,92370988,2770.3,0.0001,UTC+8,"[0.0404, 0.0576, 0.086, 0.076, 0.2527, 1.0671]","[0.0364, 0.0185, 0.0404]"
1730205927094,BTC_USDT,71235.3,0.0404,71240.9,71249.9,890373970,6219439928.74496,78374.8,64124.9,68395.4,71606.3,71235.3,71235.4,92829236,2770.2,0.0001,UTC+8,"[0.0404, 0.0576, 0.086, 0.076, 0.2527, 1.0671]","[0.0364, 0.0185, 0.0404]"
1730205929102,BTC_USDT,71235.3,0.0404,71240.8,71249.9,890374609,6219444482.10908,78374.8,64124.9,68395.4,71606.3,71235.3,71235.4,92373156,2770.2,0.0001,UTC+8,"[0.0404, 0.0576, 0.086, 0.076, 0.2527, 1.0671]","[0.0364, 0.0185, 0.0404]"
1730205931106,BTC_USDT,71235.3,0.0404,71240.8,71249.9,890374900,6219446550.78244,78374.8,64124.9,68395.4,71606.3,71235.3,71235.4,92373786,2770.2,0.0001,UTC+8,"[0.0404, 0.0576, 0.086, 0.076, 0.2527, 1.0671]","[0.0364, 0.0185, 0.0404]"
1730205933128,BTC_USDT,71238.9,0.0405,71240.7,71249.9,890375390,6219450044.16743,78374.8,64124.9,68395.4,71606.3,71238.9,71239.0,92373786,2773.8,0.0001,UTC+8,"[0.0405, 0.0576, 0.086, 0.0761, 0.2528, 1.0672]","[0.0364, 0.0185, 0.0405]"
1730205936084,BTC_USDT,71235.3,0.0404,71240.1,71249.3,890378076,6219469180.84513,78374.2,64124.3,68395.4,71606.3,71235.3,71235.4,92837302,2770.2,0.0001,UTC+8,"[0.0404, 0.0576, 0.086, 0.076, 0.2527, 1.0671]","[0.0364, 0.0185, 0.0404]"
1730205938086,BTC_USDT,71230.0,0.0403,71236.2,71245.4,890379596,6219480008.19292,78369.9,64120.8,68395.4,71606.3,71230.0,71230.1,92384104,2764.9,0.0001,UTC+8,"[0.0403, 0.0575, 0.0859, 0.076, 0.2526, 1.067]","[0.0363, 0.0184, 0.0403]"
1730205940088,BTC_USDT,71233.1,0.0404,71236.2,71245.6,890379611,6219480110.7657,78370.1,64121.0,68395.4,71606.3,71233.0,71233.1,92841084,2768.0,0.0001,UTC+8,"[0.0404, 0.0575, 0.0859, 0.076, 0.2527, 1.0671]","[0.0364, 0.0184, 0.0404]"
1730205942092,BTC_USDT,71227.6,0.0403,71236.0,71245.4,890382480,6219500550.97046,78369.9,64120.8,68395.4,71606.3,71227.6,71227.7,92384734,2762.5,0.0001,UTC+8,"[0.0403, 0.0575, 0.0858, 0.0759, 0.2526, 1.0669]","[0.0363, 0.0184, 0.0403]"
1730205944100,BTC_USDT,71227.6,0.0403,71236.0,71245.4,890382598,6219501388.60791,78369.9,64120.8,68395.4,71606.3,71224.8,71224.9,92384994,2762.5,0.0001,UTC+8,"[0.0403, 0.0575, 0.0858, 0.0759, 0.2526, 1.0669]","[0.0363, 0.0184, 0.0403]"
1730205947098,BTC_USDT,71220.9,0.0402,71227.4,71236.9,890388571,6219543929.65776,78360.5,64113.2,68395.4,71606.3,71220.0,71220.1,92468978,2755.8,0.0001,UTC+8,"[0.0402, 0.0574, 0.0857, 0.0758, 0.2524, 1.0667]","[0.0362, 0.0183, 0.0402]"
1730205949102,BTC_USDT,71220.0,0.0402,71224.3,71233.9,890389064,6219547445.07789,78357.2,64110.5,68395.4,71606.3,71217.3,71217.4,92398078,2754.9,0.0001,UTC+8,"[0.0402, 0.0573, 0.0857, 0.0758, 0.2524, 1.0667]","[0.0362, 0.0183, 0.0402]"
1730205951088,BTC_USDT,71219.4,0.0402,71224.3,71233.9,890391441,6219564372.43787,78357.2,64110.5,68395.4,71606.3,71221.4,71221.5,92403254,2754.3,0.0001,UTC+8,"[0.0402, 0.0573, 0.0857, 0.0758, 0.2524, 1.0667]","[0.0362, 0.0182, 0.0402]"
1730205953099,BTC_USDT,71221.4,0.0402,71224.3,71233.9,890393003,6219575494.3719,78357.2,64110.5,68395.4,71606.3,71221.4,71221.5,92407106,2756.3,0.0001,UTC+8,"[0.0402, 0.0574, 0.0857, 0.0758, 0.2525, 1.0667]","[0.0362, 0.0183, 0.0402]"
1730205955094,BTC_USDT,71221.5,0.0402,71224.3,71233.9,890393393,6219578274.85868,78357.2,64110.5,68395.4,71606.3,71221.5,71221.6,92480374,2756.4,0.0001,UTC+8,"[0.0402, 0.0574, 0.0857, 0.0758, 0.2525, 1.0667]","[0.0362, 0.0183, 0.0402]"
1730205958097,BTC_USDT,71211.2,0.0401,71221.6,71227.8,890396753,6219602205.11376,78350.5,64105.0,68395.4,71606.3,71210.0,71210.1,92867050,2746.1,0.0001,UTC+8,"[0.0401, 0.0572, 0.0856, 0.0757, 0.2523, 1.0664]","[0.036, 0.0181, 0.0401]"
1730205960094,BTC_USDT,71210.0,0.04,71216.2,71225.8,890398067,6219611559.25994,78348.3,64103.2,68395.4,71606.3,71210.0,71210.1,92485612,2744.9,0.0001,UTC+8,"[0.04, 0.0572, 0.0856, 0.0757, 0.2523, 1.0664]","[0.036, 0.0181, 0.04]"
1730205962083,BTC_USDT,71210.0,0.04,71212.5,71222.1,890399285,6219620235.48635,78344.3,64099.8,68395.4,71606.3,71206.5,71206.6,92413842,2744.9,0.0001,UTC+8,"[0.04, 0.0572, 0.0856, 0.0757, 0.2523, 1.0664]","[0.036, 0.0181, 0.04]"
1730205964123,BTC_USDT,71204.0,0.04,71212.4,71222.0,890401241,6219634163.31924,78344.2,64099.8,68395.4,71606.3,71204.0,71204.1,92874798,2738.9,0.0001,UTC+8,"[0.04, 0.0571, 0.0855, 0.0756, 0.2521, 1.0662]","[0.0359, 0.018, 0.04]"
1730205967090,BTC_USDT,71206.1,0.04,71211.1,71220.7,890402144,6219640594.55741,78342.7,64098.6,68395.4,71606.3,71206.0,71206.1,92492190,2741.0,0.0001,UTC+8,"[0.04, 0.0571, 0.0855, 0.0756, 0.2522, 1.0663]","[0.036, 0.0181, 0.04]"
1730205969111,BTC_USDT,71203.9,0.04,71206.8,71216.4,890404250,6219655587.59368,78338.0,64094.7,68395.4,71606.3,71203.9,71204.0,92880364,2738.8,0.0001,UTC+8,"[0.04, 0.0571, 0.0855, 0.0756, 0.2521, 1.0662]","[0.0359, 0.018, 0.04]"
1730205971095,BTC_USDT,71204.0,0.04,71206.8,71216.4,890404331,6219656162.92178,78338.0,64094.7,68395.4,71606.3,71203.9,71204.0,92495840,2738.9,0.0001,UTC+8,"[0.04, 0.0571, 0.0855, 0.0756, 0.2521, 1.0662]","[0.0359, 0.018, 0.04]"
1730205973091,BTC_USDT,71203.9,0.04,71206.8,71216.4,890404700,6219658794.61796,78338.0,64094.7,68395.4,71606.3,71203.9,71204.0,92423532,2738.8,0.0001,UTC+8,"[0.04, 0.0571, 0.0855, 0.0756, 0.2521, 1.0662]","[0.0359, 0.018, 0.04]"
1730205975096,BTC_USDT,71203.9,0.04,71206.8,71216.4,890405064,6219661380.7456,78338.0,64094.7,68395.4,71606.3,71203.9,71204.0,92851016,2738.8,0.0001,UTC+8,"[0.04, 0.0571, 0.0855, 0.0756, 0.2521, 1.0662]","[0.0359, 0.018, 0.04]"
1730205978097,BTC_USDT,71204.0,0.04,71206.8,71216.3,890405285,6219662958.62483,78337.9,64094.6,68395.4,71606.3,71203.9,71204.0,92394376,2738.9,0.0001,UTC+8,"[0.04, 0.0571, 0.0855, 0.0756, 0.2521, 1.0662]","[0.0359, 0.018, 0.04]"
1730205980096,BTC_USDT,71203.9,0.04,71206.8,71216.4,890419735,6219765845.44026,78338.0,64094.7,68395.4,71606.3,71203.9,71204.0,92881418,2738.8,0.0001,UTC+8,"[0.04, 0.0571, 0.0855, 0.0756, 0.2521, 1.0662]","[0.0359, 0.018, 0.04]"
1730205982094,BTC_USDT,71207.0,0.04,71206.9,71216.5,890421843,6219780855.72604,78338.1,64094.8,68395.4,71606.3,71206.9,71207.0,92425092,2741.9,0.0001,UTC+8,"[0.04, 0.0572, 0.0855, 0.0756, 0.2522, 1.0663]","[0.036, 0.0181, 0.04]"
1730205984091,BTC_USDT,71206.9,0.04,71206.9,71216.5,890427629,6219822058.88667,78338.1,64094.8,68395.4,71606.3,71206.9,71207.0,92439514,2741.8,0.0001,UTC+8,"[0.04, 0.0572, 0.0855, 0.0756, 0.2522, 1.0663]","[0.036, 0.0181, 0.04]"
1730205987093,BTC_USDT,71206.9,0.04,71206.9,71216.5,890428215,6219826228.76817,78338.1,64094.8,68395.4,71606.3,71206.9,71207.0,92439606,2741.8,0.0001,UTC+8,"[0.04, 0.0572, 0.0855, 0.0756, 0.2522, 1.0663]","[0.036, 0.0181, 0.04]"
1730205989088,BTC_USDT,71206.9,0.04,71206.9,71216.5,890428900,6219831105.02216,78338.1,64094.8,68395.4,71606.3,71206.9,71207.0,92898064,2741.8,0.0001,UTC+8,"[0.04, 0.0572, 0.0855, 0.0756, 0.2522, 1.0663]","[0.036, 0.0181, 0.04]"
1730205991102,BTC_USDT,71207.0,0.04,71206.9,71216.5,890429411,6219834745.12116,78338.1,64094.8,68395.4,71606.3,71206.9,71207.0,92442310,2741.9,0.0001,UTC+8,"[0.04, 0.0572, 0.0855, 0.0756, 0.2522, 1.0663]","[0.036, 0.0181, 0.04]"
1730205993091,BTC_USDT,71206.9,0.04,71207.0,71216.4,890430063,6219839387.81109,78338.0,64094.7,68395.4,71606.3,71206.9,71207.0,92900556,2741.8,0.0001,UTC+8,"[0.04, 0.0572, 0.0855, 0.0756, 0.2522, 1.0663]","[0.036, 0.0181, 0.04]"
1730205995131,BTC_USDT,71207.0,0.04,71206.9,71216.4,890430822,6219844793.84596,78338.0,64094.7,68395.4,71606.3,71206.9,71207.0,92517640,2741.9,0.0001,UTC+8,"[0.04, 0.0572, 0.0855, 0.0756, 0.2522, 1.0663]","[0.036, 0.0181, 0.04]"
1730205998090,BTC_USDT,71206.9,0.04,71207.0,71216.4,890435612,6219878899.10392,78338.0,64094.7,68395.4,71606.3,71206.9,71207.0,92902206,2741.8,0.0001,UTC+8,"[0.04, 0.0572, 0.0855, 0.0756, 0.2522, 1.0663]","[0.036, 0.0181, 0.04]"
1730206000089,BTC_USDT,71203.6,0.0399,71207.0,71216.2,890437343,6219891225.95159,78337.8,64094.5,68395.4,71606.3,71203.5,71203.6,92445486,2738.5,0.0001,UTC+8,"[0.0399, 0.0571, 0.0855, 0.0756, 0.2521, 1.0662]","[0.0359, 0.018, 0.0399]"
1730206002099,BTC_USDT,71201.1,0.0399,71205.0,71214.9,890445497,6219949286.19284,78336.3,64093.4,68395.4,71606.3,71201.1,71201.2,92465762,2736.0,0.0001,UTC+8,"[0.0399, 0.0571, 0.0854, 0.0755, 0.2521, 1.0661]","[0.0359, 0.018, 0.0399]"
1730206004095,BTC_USDT,71201.0,0.0399,71205.0,71214.9,890503183,6220360013.43486,78336.3,64093.4,68395.4,71606.3,71201.0,71201.1,92539246,2735.9,0.0001,UTC+8,"[0.0399, 0.0571, 0.0854, 0.0755, 0.2521, 1.0661]","[0.0359, 0.018, 0.0399]"
1730206007089,BTC_USDT,71195.1,0.0398,71202.7,71212.7,890533700,6220577286.46264,78333.9,64091.4,68395.4,71606.3,71195.0,71195.1,92552810,2730.0,0.0001,UTC+8,"[0.0398, 0.057, 0.0853, 0.0754, 0.252, 1.066]","[0.0358, 0.0179, 0.0398]"
1730206009100,BTC_USDT,71194.3,0.0398,71202.6,71212.7,890534954,6220586217.0885,78333.9,64091.4,68395.4,71606.3,71194.3,71194.4,92483210,2729.2,0.0001,UTC+8,"[0.0398, 0.057, 0.0853, 0.0754, 0.252, 1.0659]","[0.0358, 0.0179, 0.0398]"
1730206011093,BTC_USDT,71192.6,0.0398,71197.9,71208.1,890642824,6221354174.5188,78328.9,64087.2,68395.4,71606.3,71192.5,71192.6,92939438,2727.5,0.0001,UTC+8,"[0.0398, 0.0569, 0.0853, 0.0754, 0.2519, 1.0659]","[0.0358, 0.0179, 0.0398]"
1730206013095,BTC_USDT,71192.5,0.0398,71197.9,71208.1,890755852,6222158850.2346,78328.9,64087.2,68395.4,71606.3,71192.5,71192.6,92555610,2727.4,0.0001,UTC+8,"[0.0398, 0.0569, 0.0853, 0.0754, 0.2519, 1.0659]","[0.0358, 0.0179, 0.0398]"
1730206015100,BTC_USDT,71192.6,0.0398,71197.9,71208.2,890862600,6222918811.30657,78329.0,64087.3,68395.4,71606.3,71192.6,71192.7,92557390,2727.5,0.0001,UTC+8,"[0.0398, 0.0569, 0.0853, 0.0754, 0.2519, 1.0659]","[0.0358, 0.0179, 0.0398]"
1730206018106,BTC_USDT,71192.7,0.0398,71197.7,71208.2,890872008,6222985795.09386,78329.0,64087.3,68395.4,71606.3,71192.6,71192.7,92485080,2727.6,0.0001,UTC+8,"[0.0398, 0.0569, 0.0853, 0.0754, 0.2519, 1.0659]","[0.0358, 0.0179, 0.0398]"
1730206020093,BTC_USDT,71192.7,0.0398,71197.7,71208.2,890882749,6223062261.64215,78329.0,64087.3,68395.4,71606.3,71192.6,71192.7,92968780,2727.6,0.0001,UTC+8,"[0.0398, 0.0569, 0.0853, 0.0754, 0.2519, 1.0659]","[0.0358, 0.0179, 0.0398]"
1730206022088,BTC_USDT,71192.6,0.0398,71197.7,71208.3,890885419,6223081267.22241,78329.1,64087.4,68395.4,71606.3,71190.5,71190.6,92864806,2727.5,0.0001,UTC+8,"[0.0398, 0.0569, 0.0853, 0.0754, 0.2519, 1.0659]","[0.0358, 0.0179, 0.0398]"
1730206024079,BTC_USDT,71206.2,0.04,71206.2,71215.2,890930986,6223405727.13891,78336.7,64093.6,68395.4,71606.3,71206.1,71206.2,92515344,2741.1,0.0001,UTC+8,"[0.04, 0.0571, 0.0855, 0.0756, 0.2522, 1.0663]","[0.036, 0.0181, 0.04]"
1730206026099,BTC_USDT,71206.2,0.04,71206.2,71215.2,890931211,6223407327.85423,78336.7,64093.6,68395.4,71606.3,71206.1,71206.2,92515892,2741.1,0.0001,UTC+8,"[0.04, 0.0571, 0.0855, 0.0756, 0.2522, 1.0663]","[0.036, 0.0181, 0.04]"
1730206029090,BTC_USDT,71206.2,0.04,71206.1,71215.8,890936901,6223447847.02518,78337.3,64094.2,68395.4,71606.3,71206.1,71206.2,92530758,2741.1,0.0001,UTC+8,"[0.04, 0.0571, 0.0855, 0.0756, 0.2522, 1.0663]","[0.036, 0.0181, 0.04]"
1730206031092,BTC_USDT,71206.8,0.04,71206.8,71215.8,890939220,6223464355.59944,78337.3,64094.2,68395.4,71606.3,71206.8,71206.9,92535428,2741.7,0.0001,UTC+8,"[0.04, 0.0571, 0.0855, 0.0756, 0.2522, 1.0663]","[0.036, 0.0181, 0.04]"
1730206033093,BTC_USDT,71187.8,0.0397,71206.1,71206.0,890943335,6223493652.19373,78326.6,64085.4,68395.4,71606.3,71187.7,71187.8,92616198,2722.7,0.0001,UTC+8,"[0.0397, 0.0569, 0.0852, 0.0753, 0.2519, 1.0658]","[0.0357, 0.0178, 0.0397]"
1730206035105,BTC_USDT,71192.0,0.0398,71195.4,71206.1,890950336,6223543495.05569,78326.7,64085.4,68395.4,71606.3,71195.7,71195.8,92547140,2726.9,0.0001,UTC+8,"[0.0398, 0.0569, 0.0853, 0.0754, 0.2519, 1.0659]","[0.0358, 0.0179, 0.0398]"
1730206038096,BTC_USDT,71195.7,0.0398,71195.7,71206.0,890952056,6223555740.68455,78326.6,64085.4,68395.4,71606.3,71195.7,71195.8,92860032,2730.6,0.0001,UTC+8,"[0.0398, 0.057, 0.0854, 0.0754, 0.252, 1.066]","[0.0358, 0.0179, 0.0398]"
1730206040091,BTC_USDT,71195.7,0.0398,71195.8,71206.0,890952240,6223557050.68654,78326.6,64085.4,68395.4,71606.3,71195.7,71195.8,92403262,2730.6,0.0001,UTC+8,"[0.0398, 0.057, 0.0854, 0.0754, 0.252, 1.066]","[0.0358, 0.0179, 0.0398]"
1730206042101,BTC_USDT,71189.2,0.0397,71194.3,71203.0,890953579,6223566578.67307,78323.3,64082.7,68395.4,71606.3,71189.2,71189.3,92478796,2724.1,0.0001,UTC+8,"[0.0397, 0.0569, 0.0853, 0.0753, 0.2519, 1.0658]","[0.0357, 0.0178, 0.0397]"
1730206044099,BTC_USDT,71189.3,0.0397,71192.0,71202.9,890960442,6223615437.24636,78323.1,64082.6,68395.4,71606.3,71189.2,71189.3,92406898,2724.2,0.0001,UTC+8,"[0.0397, 0.0569, 0.0853, 0.0753, 0.2519, 1.0658]","[0.0357, 0.0178, 0.0397]"
1730206046096,BTC_USDT,71206.3,0.04,71205.5,71212.2,890984788,6223788781.88699,78333.4,64090.9,68395.4,71606.3,71206.2,71206.3,92924676,2741.2,0.0001,UTC+8,"[0.04, 0.0571, 0.0855, 0.0756, 0.2522, 1.0663]","[0.036, 0.0181, 0.04]"
1730206049098,BTC_USDT,71212.8,0.0401,71212.9,71223.9,890985082,6223790872.60063,78346.2,64101.5,68395.4,71606.3,71212.7,71212.8,92925150,2747.7,0.0001,UTC+8,"[0.0401, 0.0572, 0.0856, 0.0757, 0.2523, 1.0665]","[0.0361, 0.0181, 0.0401]"
1730206051106,BTC_USDT,71213.4,0.0401,71213.3,71223.9,890993157,6223848378.83162,78346.2,64101.5,68395.4,71606.3,71213.3,71213.4,92485118,2748.3,0.0001,UTC+8,"[0.0401, 0.0572, 0.0856, 0.0757, 0.2523, 1.0665]","[0.0361, 0.0182, 0.0401]"
1730206053095,BTC_USDT,71213.4,0.0401,71213.3,71223.9,890994338,6223856787.69829,78346.2,64101.5,68395.4,71606.3,71214.2,71214.3,92487984,2748.3,0.0001,UTC+8,"[0.0401, 0.0572, 0.0856, 0.0757, 0.2523, 1.0665]","[0.0361, 0.0182, 0.0401]"
1730206055100,BTC_USDT,71220.0,0.0402,71217.5,71227.9,890996511,6223872261.94785,78350.6,64105.1,68395.4,71606.3,71226.4,71226.5,92567622,2754.9,0.0001,UTC+8,"[0.0402, 0.0573, 0.0857, 0.0758, 0.2524, 1.0667]","[0.0362, 0.0183, 0.0402]"
1730206058093,BTC_USDT,71227.1,0.0403,71227.0,71233.9,891000807,6223902860.53846,78357.2,64110.5,68395.4,71606.3,71227.0,71227.1,92494702,2762.0,0.0001,UTC+8,"[0.0403, 0.0575, 0.0858, 0.0759, 0.2526, 1.0669]","[0.0363, 0.0184, 0.0403]"
1730206060099,BTC_USDT,71227.0,0.0403,71227.1,71233.9,891005807,6223938474.0458,78357.2,64110.5,68395.4,71606.3,71227.0,71227.1,92890084,2761.9,0.0001,UTC+8,"[0.0403, 0.0574, 0.0858, 0.0759, 0.2526, 1.0669]","[0.0363, 0.0184, 0.0403]"
1730206062095,BTC_USDT,71227.0,0.0403,71227.0,71233.9,891008210,6223955591.31848,78357.2,64110.5,68395.4,71606.3,71227.0,71227.1,92436128,2761.9,0.0001,UTC+8,"[0.0403, 0.0574, 0.0858, 0.0759, 0.2526, 1.0669]","[0.0363, 0.0184, 0.0403]"
1730206064099,BTC_USDT,71218.6,0.0402,71227.0,71233.8,891019420,6224035427.21677,78357.1,64110.4,68395.4,71606.3,71218.5,71218.6,92921044,2753.5,0.0001,UTC+8,"[0.0402, 0.0573, 0.0857, 0.0758, 0.2524, 1.0666]","[0.0361, 0.0182, 0.0402]"
1730206066102,BTC_USDT,71218.4,0.0402,71219.5,71230.3,891020488,6224043039.05005,78353.3,64107.2,68395.4,71606.3,71218.4,71218.5,92466676,2753.3,0.0001,UTC+8,"[0.0402, 0.0573, 0.0857, 0.0758, 0.2524, 1.0666]","[0.0361, 0.0182, 0.0402]"
1730206069100,BTC_USDT,71207.1,0.04,71218.5,71219.9,891020678,6224044389.22952,78341.8,64097.9,68395.4,71606.3,71207.0,71207.1,92467054,2742.0,0.0001,UTC+8,"[0.04, 0.0572, 0.0855, 0.0756, 0.2522, 1.0663]","[0.036, 0.0181, 0.04]"
1730206071099,BTC_USDT,71207.1,0.04,71207.9,71218.6,891020728,6224044742.4163,78340.4,64096.7,68395.4,71606.3,71207.0,71207.1,92924034,2742.0,0.0001,UTC+8,"[0.04, 0.0572, 0.0855, 0.0756, 0.2522, 1.0663]","[0.036, 0.0181, 0.04]"
1730206073100,BTC_USDT,71207.1,0.04,71207.8,71218.5,891023893,6224067283.7128,78340.3,64096.6,68395.4,71606.3,71207.0,71207.1,92931894,2742.0,0.0001,UTC+8,"[0.04, 0.0572, 0.0855, 0.0756, 0.2522, 1.0663]","[0.036, 0.0181, 0.04]"
1730206075089,BTC_USDT,71207.0,0.04,71207.5,71218.3,891029472,6224107005.82568,78340.1,64096.4,68395.4,71606.3,71207.0,71207.1,92931894,2741.9,0.0001,UTC+8,"[0.04, 0.0572, 0.0855, 0.0756, 0.2522, 1.0663]","[0.036, 0.0181, 0.04]"
1730206077086,BTC_USDT,71192.8,0.0398,71196.9,71207.7,891125263,6224789015.42046,78328.4,64086.9,68395.4,71606.3,71190.6,71190.7,92714324,2727.7,0.0001,UTC+8,"[0.0398, 0.0569, 0.0853, 0.0754, 0.252, 1.0659]","[0.0358, 0.0179, 0.0398]"
1730206080096,BTC_USDT,71190.0,0.0397,71196.7,71207.6,891171786,6225120216.90258,78328.3,64086.8,68395.4,71606.3,71190.0,71190.1,92894678,2724.9,0.0001,UTC+8,"[0.0397, 0.0569, 0.0853, 0.0754, 0.2519, 1.0658]","[0.0357, 0.0178, 0.0397]"
1730206082084,BTC_USDT,71188.0,0.0397,71193.9,71204.8,891175596,6225147343.07908,78325.2,64084.3,68395.4,71606.3,71188.0,71188.1,92823834,2722.9,0.0001,UTC+8,"[0.0397, 0.0569, 0.0852, 0.0753, 0.2519, 1.0658]","[0.0357, 0.0178, 0.0397]"
1730206084096,BTC_USDT,71189.8,0.0397,71193.1,71204.1,891182987,6225199954.89216,78324.5,64083.6,68395.4,71606.3,71189.8,71189.9,93424860,2724.7,0.0001,UTC+8,"[0.0397, 0.0569, 0.0853, 0.0754, 0.2519, 1.0658]","[0.0357, 0.0178, 0.0397]"
1730206086086,BTC_USDT,71174.1,0.0395,71189.9,71189.8,891277356,6225871721.66695,78308.7,64070.8,68395.4,71606.3,71174.0,71174.1,93085710,2709.0,0.0001,UTC+8,"[0.0395, 0.0567, 0.085, 0.0751, 0.2516, 1.0654]","[0.0355, 0.0176, 0.0395]"
1730206089097,BTC_USDT,71171.3,0.0395,71175.2,71186.3,891287832,6225946276.15985,78304.9,64067.6,68395.4,71606.3,71171.2,71171.3,93471950,2706.2,0.0001,UTC+8,"[0.0395, 0.0566, 0.085, 0.0751, 0.2516, 1.0653]","[0.0355, 0.0176, 0.0395]"
1730206091092,BTC_USDT,71171.3,0.0395,71175.2,71186.3,891299491,6226029256.19967,78304.9,64067.6,68395.4,71606.3,71171.2,71171.3,93043554,2706.2,0.0001,UTC+8,"[0.0395, 0.0566, 0.085, 0.0751, 0.2516, 1.0653]","[0.0355, 0.0176, 0.0395]"
1730206093096,BTC_USDT,71177.5,0.0396,71177.5,71186.1,891304808,6226067103.467,78304.7,64067.4,68395.4,71606.3,71177.5,71177.6,93512348,2712.4,0.0001,UTC+8,"[0.0396, 0.0567, 0.0851, 0.0752, 0.2517, 1.0655]","[0.0355, 0.0176, 0.0396]"
1730206095095,BTC_USDT,71174.6,0.0395,71174.9,71186.0,891312412,6226121225.25607,78304.6,64067.4,68395.4,71606.3,71174.5,71174.6,93072764,2709.5,0.0001,UTC+8,"[0.0395, 0.0567, 0.085, 0.0751, 0.2516, 1.0654]","[0.0355, 0.0176, 0.0395]"
1730206097094,BTC_USDT,71187.4,0.0397,71183.5,71196.0,891321048,6226182693.49026,78315.6,64076.4,68395.4,71606.3,71187.4,71187.5,93182258,2722.3,0.0001,UTC+8,"[0.0397, 0.0569, 0.0852, 0.0753, 0.2519, 1.0657]","[0.0357, 0.0178, 0.0397]"
1730206100085,BTC_USDT,71180.7,0.0396,71187.8,71195.8,891321474,6226185723.12884,78315.3,64076.2,68395.4,71606.3,71180.7,71180.8,93183180,2715.6,0.0001,UTC+8,"[0.0396, 0.0568, 0.0851, 0.0752, 0.2517, 1.0655]","[0.0356, 0.0177, 0.0396]"
1730206102091,BTC_USDT,71180.2,0.0396,71184.7,71195.8,891321888,6226188672.837,78315.3,64076.2,68395.4,71606.3,71180.1,71180.2,93183192,2715.1,0.0001,UTC+8,"[0.0396, 0.0568, 0.0851, 0.0752, 0.2517, 1.0655]","[0.0356, 0.0177, 0.0396]"
1730206104088,BTC_USDT,71174.7,0.0395,71184.4,71195.5,891330193,6226247782.03392,78315.0,64075.9,68395.4,71606.3,71174.7,71174.8,93203884,2709.6,0.0001,UTC+8,"[0.0395, 0.0567, 0.085, 0.0751, 0.2516, 1.0654]","[0.0355, 0.0176, 0.0395]"
1730206106095,BTC_USDT,71174.6,0.0395,71181.1,71192.2,891335020,6226282133.77956,78311.4,64072.9,68395.4,71606.3,71174.5,71174.6,93215910,2709.5,0.0001,UTC+8,"[0.0395, 0.0567, 0.085, 0.0751, 0.2516, 1.0654]","[0.0355, 0.0176, 0.0395]"
1730206109104,BTC_USDT,71174.5,0.0395,71180.9,71192.1,891335424,6226285014.92726,78311.3,64072.8,68395.4,71606.3,71174.5,71174.6,92759226,2709.4,0.0001,UTC+8,"[0.0395, 0.0567, 0.085, 0.0751, 0.2516, 1.0654]","[0.0355, 0.0176, 0.0395]"
1730206111099,BTC_USDT,71173.0,0.0395,71174.7,71185.9,891345988,6226360196.85164,78304.4,64067.3,68395.4,71606.3,71173.0,71173.1,92798328,2707.9,0.0001,UTC+8,"[0.0395, 0.0566, 0.085, 0.0751, 0.2516, 1.0653]","[0.0355, 0.0176, 0.0395]"
1730206113092,BTC_USDT,71172.5,0.0395,71174.3,71185.5,891352422,6226405992.46019,78304.0,64066.9,68395.4,71606.3,71172.5,71172.6,93255702,2707.4,0.0001,UTC+8,"[0.0395, 0.0566, 0.085, 0.0751, 0.2516, 1.0653]","[0.0355, 0.0176, 0.0395]"
1730206115092,BTC_USDT,71172.6,0.0395,71174.2,71185.5,891396194,6226717529.15489,78304.0,64066.9,68395.4,71606.3,71172.5,71172.6,92799564,2707.5,0.0001,UTC+8,"[0.0395, 0.0566, 0.085, 0.0751, 0.2516, 1.0653]","[0.0355, 0.0176, 0.0395]"
1730206117130,BTC_USDT,71172.5,0.0395,71174.3,71185.6,891397504,6226726855.60088,78304.1,64067.0,68395.4,71606.3,71172.5,71172.6,92871914,2707.4,0.0001,UTC+8,"[0.0395, 0.0566, 0.085, 0.0751, 0.2516, 1.0653]","[0.0355, 0.0176, 0.0395]"
1730206120095,BTC_USDT,71172.5,0.0395,71174.1,71185.5,891415864,6226857528.47925,78304.0,64066.9,68395.4,71606.3,71172.5,71172.6,92761282,2707.4,0.0001,UTC+8,"[0.0395, 0.0566, 0.085, 0.0751, 0.2516, 1.0653]","[0.0355, 0.0176, 0.0395]"
1730206122084,BTC_USDT,71172.5,0.0395,71174.1,71185.5,891419216,6226881385.52475,78304.0,64066.9,68395.4,71606.3,71172.5,71172.6,93087892,2707.4,0.0001,UTC+8,"[0.0395, 0.0566, 0.085, 0.0751, 0.2516, 1.0653]","[0.0355, 0.0176, 0.0395]"
1730206124101,BTC_USDT,71172.5,0.0395,71174.0,71185.5,891419244,6226881584.80795,78304.0,64066.9,68395.4,71606.3,71172.5,71172.6,92630882,2707.4,0.0001,UTC+8,"[0.0395, 0.0566, 0.085, 0.0751, 0.2516, 1.0653]","[0.0355, 0.0176, 0.0395]"
1730206126096,BTC_USDT,71172.5,0.0395,71174.0,71185.5,891428140,6226944899.86467,78304.0,64066.9,68395.4,71606.3,71172.5,71172.6,92724974,2707.4,0.0001,UTC+8,"[0.0395, 0.0566, 0.085, 0.0751, 0.2516, 1.0653]","[0.0355, 0.0176, 0.0395]"
1730206128089,BTC_USDT,71172.6,0.0395,71173.9,71185.5,891496712,6227432943.93444,78304.0,64066.9,68395.4,71606.3,71172.5,71172.6,93114690,2707.5,0.0001,UTC+8,"[0.0395, 0.0566, 0.085, 0.0751, 0.2516, 1.0653]","[0.0355, 0.0176, 0.0395]"
1730206131097,BTC_USDT,71172.6,0.0395,71173.9,71185.5,891501503,6227467038.40916,78304.0,64066.9,68395.4,71606.3,71172.5,71172.6,92667760,2707.5,0.0001,UTC+8,"[0.0395, 0.0566, 0.085, 0.0751, 0.2516, 1.0653]","[0.0355, 0.0176, 0.0395]"
1730206133089,BTC_USDT,71172.5,0.0395,71173.9,71185.5,891503112,6227478494.33484,78304.0,64066.9,68395.4,71606.3,71172.5,71172.6,93127352,2707.4,0.0001,UTC+8,"[0.0395, 0.0566, 0.085, 0.0751, 0.2516, 1.0653]","[0.0355, 0.0176, 0.0395]"
1730206135099,BTC_USDT,71172.5,0.0395,71173.5,71185.1,891509321,6227522683.97553,78303.6,64066.5,68395.4,71606.3,71172.5,71172.6,92758020,2707.4,0.0001,UTC+8,"[0.0395, 0.0566, 0.085, 0.0751, 0.2516, 1.0653]","[0.0355, 0.0176, 0.0395]"
1730206137098,BTC_USDT,71171.2,0.0395,71171.2,71182.5,891513286,6227550902.17244,78300.7,64064.2,68395.4,71606.3,71171.2,71171.3,93143362,2706.1,0.0001,UTC+8,"[0.0395, 0.0566, 0.085, 0.0751, 0.2516, 1.0653]","[0.0355, 0.0176, 0.0395]"
1730206140095,BTC_USDT,71170.3,0.0395,71170.8,71182.4,891546459,6227786995.40682,78300.6,64064.1,68395.4,71606.3,71170.3,71170.4,92754040,2705.2,0.0001,UTC+8,"[0.0395, 0.0566, 0.085, 0.0751, 0.2516, 1.0652]","[0.0354, 0.0175, 0.0395]"
1730206142090,BTC_USDT,71170.1,0.0395,71170.9,71182.5,891566287,6227928111.87991,78300.7,64064.2,68395.4,71606.3,71170.1,71170.2,92760650,2705.0,0.0001,UTC+8,"[0.0395, 0.0566, 0.085, 0.0751, 0.2516, 1.0652]","[0.0354, 0.0175, 0.0395]"
1730206144092,BTC_USDT,71170.1,0.0395,71173.5,71185.1,891567392,6227935980.45047,78303.6,64066.5,68395.4,71606.3,71170.1,71170.2,92763110,2705.0,0.0001,UTC+8,"[0.0395, 0.0566, 0.085, 0.0751, 0.2516, 1.0652]","[0.0354, 0.0175, 0.0395]"
1730206146086,BTC_USDT,71170.2,0.0395,71173.5,71185.1,891579445,6228021760.4687,78303.6,64066.5,68395.4,71606.3,71170.1,71170.2,92783170,2705.1,0.0001,UTC+8,"[0.0395, 0.0566, 0.085, 0.0751, 0.2516, 1.0652]","[0.0354, 0.0175, 0.0395]"
1730206149093,BTC_USDT,71187.8,0.0397,71180.5,71192.1,891604899,6228202953.81148,78311.3,64072.8,68395.4,71606.3,71187.7,71187.8,92862040,2722.7,0.0001,UTC+8,"[0.0397, 0.0569, 0.0852, 0.0753, 0.2519, 1.0658]","[0.0357, 0.0178, 0.0397]"
1730206151089,BTC_USDT,71183.0,0.0396,71187.8,71195.6,891612904,6228259942.24924,78315.1,64076.0,68395.4,71606.3,71183.0,71183.3,94101968,2717.9,0.0001,UTC+8,"[0.0396, 0.0568, 0.0852, 0.0753, 0.2518, 1.0656]","[0.0356, 0.0177, 0.0396]"
1730206153096,BTC_USDT,71183.1,0.0396,71184.0,71195.7,891955752,6230700438.34016,78315.2,64076.1,68395.4,71606.3,71183.0,71183.1,94104582,2718.0,0.0001,UTC+8,"[0.0396, 0.0568, 0.0852, 0.0753, 0.2518, 1.0656]","[0.0356, 0.0177, 0.0396]"
1730206155105,BTC_USDT,71172.2,0.0395,71183.0,71189.1,891958954,6230723233.59614,78308.0,64070.1,68395.4,71606.3,71172.2,71172.3,92668620,2707.1,0.0001,UTC+8,"[0.0395, 0.0566, 0.085, 0.0751, 0.2516, 1.0653]","[0.0355, 0.0176, 0.0395]"
1730206157079,BTC_USDT,71172.3,0.0395,71176.0,71187.8,891960760,6230736084.4509,78306.5,64069.0,68395.4,71606.3,71172.2,71172.3,92673090,2707.2,0.0001,UTC+8,"[0.0395, 0.0566, 0.085, 0.0751, 0.2516, 1.0653]","[0.0355, 0.0176, 0.0395]"
1730206160100,BTC_USDT,71174.6,0.0395,71176.0,71187.9,891967074,6230781026.58948,78306.6,64069.1,68395.4,71606.3,71174.6,71174.7,93132432,2709.5,0.0001,UTC+8,"[0.0395, 0.0567, 0.085, 0.0751, 0.2516, 1.0654]","[0.0355, 0.0176, 0.0395]"
1730206162101,BTC_USDT,71172.5,0.0395,71173.3,71185.2,891967569,6230784551.07468,78303.7,64066.6,68395.4,71606.3,71172.4,71172.5,93133262,2707.4,0.0001,UTC+8,"[0.0395, 0.0566, 0.085, 0.0751, 0.2516, 1.0653]","[0.0355, 0.0176, 0.0395]"
1730206164098,BTC_USDT,71172.3,0.0395,71172.8,71184.8,891968912,6230794105.25577,78303.2,64066.3,68395.4,71606.3,71172.2,71172.3,92679620,2707.2,0.0001,UTC+8,"[0.0395, 0.0566, 0.085, 0.0751, 0.2516, 1.0653]","[0.0355, 0.0176, 0.0395]"
1730206166084,BTC_USDT,71171.5,0.0395,71172.9,71184.9,891977792,6230857305.47934,78303.3,64066.4,68395.4,71606.3,71171.4,71171.5,92771628,2706.4,0.0001,UTC+8,"[0.0395, 0.0566, 0.085, 0.0751, 0.2516, 1.0653]","[0.0355, 0.0176, 0.0395]"
1730206169100,BTC_USDT,71174.7,0.0395,71174.6,71185.0,891988380,6230932664.85245,78303.5,64066.5,68395.4,71606.3,71174.6,71174.7,92731382,2709.6,0.0001,UTC+8,"[0.0395, 0.0567, 0.085, 0.0751, 0.2516, 1.0654]","[0.0355, 0.0176, 0.0395]"
1730206171110,BTC_USDT,71174.6,0.0395,71174.6,71185.0,892021700,6231169818.92269,78303.5,64066.5,68395.4,71606.3,71174.6,71174.7,93258610,2709.5,0.0001,UTC+8,"[0.0395, 0.0567, 0.085, 0.0751, 0.2516, 1.0654]","[0.0355, 0.0176, 0.0395]"
1730206173099,BTC_USDT,71174.6,0.0395,71174.7,71185.0,892022264,6231173833.17168,78303.5,64066.5,68395.4,71606.3,71174.6,71174.7,92803008,2709.5,0.0001,UTC+8,"[0.0395, 0.0567, 0.085, 0.0751, 0.2516, 1.0654]","[0.0355, 0.0176, 0.0395]"
1730206175102,BTC_USDT,71174.7,0.0395,71174.7,71185.0,892022811,6231177727.84604,78303.5,64066.5,68395.4,71606.3,71174.6,71174.7,92796784,2709.6,0.0001,UTC+8,"[0.0395, 0.0567, 0.085, 0.0751, 0.2516, 1.0654]","[0.0355, 0.0176, 0.0395]"
1730206178092,BTC_USDT,71174.7,0.0395,71174.7,71185.0,892024908,6231192657.43275,78303.5,64066.5,68395.4,71606.3,71174.6,71174.7,93184252,2709.6,0.0001,UTC+8,"[0.0395, 0.0567, 0.085, 0.0751, 0.2516, 1.0654]","[0.0355, 0.0176, 0.0395]"
1730206180090,BTC_USDT,71174.6,0.0395,71174.6,71185.0,892031686,6231240896.7963,78303.5,64066.5,68395.4,71606.3,71174.6,71174.7,93198764,2709.5,0.0001,UTC+8,"[0.0395, 0.0567, 0.085, 0.0751, 0.2516, 1.0654]","[0.0355, 0.0176, 0.0395]"
1730206182093,BTC_USDT,71174.6,0.0395,71174.6,71185.0,892033758,6231255644.19192,78303.5,64066.5,68395.4,71606.3,71174.6,71174.7,93202502,2709.5,0.0001,UTC+8,"[0.0395, 0.0567, 0.085, 0.0751, 0.2516, 1.0654]","[0.0355, 0.0176, 0.0395]"
1730206184095,BTC_USDT,71175.0,0.0395,71174.9,71185.1,892034074,6231257893.31995,78303.6,64066.5,68395.4,71606.3,71174.9,71175.0,93202570,2709.9,0.0001,UTC+8,"[0.0395, 0.0567, 0.085, 0.0751, 0.2516, 1.0654]","[0.0355, 0.0176, 0.0395]"
1730206186092,BTC_USDT,71175.0,0.0395,71174.9,71184.9,892034159,6231258496.88317,78303.3,64066.4,68395.4,71606.3,71174.9,71175.0,93202588,2709.9,0.0001,UTC+8,"[0.0395, 0.0567, 0.085, 0.0751, 0.2516, 1.0654]","[0.0355, 0.0176, 0.0395]"
1730206189086,BTC_USDT,71174.6,0.0395,71174.6,71184.9,892042825,6231320179.68791,78303.3,64066.4,68395.4,71606.3,71174.6,71174.7,92831368,2709.5,0.0001,UTC+8,"[0.0395, 0.0567, 0.085, 0.0751, 0.2516, 1.0654]","[0.0355, 0.0176, 0.0395]"
1730206191094,BTC_USDT,71174.6,0.0395,71174.6,71184.9,892051287,6231380404.78837,78303.3,64066.4,68395.4,71606.3,71174.6,71174.7,93232306,2709.5,0.0001,UTC+8,"[0.0395, 0.0567, 0.085, 0.0751, 0.2516, 1.0654]","[0.0355, 0.0176, 0.0395]"
1730206193084,BTC_USDT,71173.2,0.0395,71174.6,71184.9,892052745,6231390784.84477,78303.3,64066.4,68395.4,71606.3,71173.1,71173.2,92775612,2708.1,0.0001,UTC+8,"[0.0395, 0.0567, 0.085, 0.0751, 0.2516, 1.0653]","[0.0355, 0.0176, 0.0395]"
1730206195099,BTC_USDT,71173.1,0.0395,71173.0,71184.9,892054384,6231402445.84536,78303.3,64066.4,68395.4,71606.3,71173.0,71173.1,93232728,2708.0,0.0001,UTC+8,"[0.0395, 0.0566, 0.085, 0.0751, 0.2516, 1.0653]","[0.0355, 0.0176, 0.0395]"
1730206197096,BTC_USDT,71173.0,0.0395,71173.1,71184.9,892063716,6231468870.26657,78303.3,64066.4,68395.4,71606.3,71173.0,71173.1,92745052,2707.9,0.0001,UTC+8,"[0.0395, 0.0566, 0.085, 0.0751, 0.2516, 1.0653]","[0.0355, 0.0176, 0.0395]"
1730206200137,BTC_USDT,71173.1,0.0395,71173.0,71184.8,892068430,6231502418.37373,78303.2,64066.3,68395.4,71606.3,71173.0,71173.1,92818328,2708.0,0.0001,UTC+8,"[0.0395, 0.0566, 0.085, 0.0751, 0.2516, 1.0653]","[0.0355, 0.0176, 0.0395]"
1730206202089,BTC_USDT,71172.7,0.0395,71172.6,71184.8,892072864,6231533979.19637,78303.2,64066.3,68395.4,71606.3,71172.6,71172.7,92820522,2707.6,0.0001,UTC+8,"[0.0395, 0.0566, 0.085, 0.0751, 0.2516, 1.0653]","[0.0355, 0.0176, 0.0395]"
1730206204096,BTC_USDT,71170.1,0.0395,71170.1,71180.8,892093444,6231680447.38984,78298.8,64062.7,68395.4,71606.3,71170.1,71170.2,92798518,2705.0,0.0001,UTC+8,"[0.0395, 0.0566, 0.085, 0.0751, 0.2516, 1.0652]","[0.0354, 0.0175, 0.0395]"
1730206206089,BTC_USDT,71170.1,0.0395,71170.1,71180.8,892106988,6231776840.28059,78298.8,64062.7,68395.4,71606.3,71170.1,71170.2,92829384,2705.0,0.0001,UTC+8,"[0.0395, 0.0566, 0.085, 0.0751, 0.2516, 1.0652]","[0.0354, 0.0175, 0.0395]"
1730206209140,BTC_USDT,71170.1,0.0395,71170.1,71180.8,892111046,6231805718.26096,78298.8,64062.7,68395.4,71606.3,71170.1,71170.2,92830600,2705.0,0.0001,UTC+8,"[0.0395, 0.0566, 0.085, 0.0751, 0.2516, 1.0652]","[0.0354, 0.0175, 0.0395]"
1730206211091,BTC_USDT,71169.1,0.0394,71169.2,71180.8,892136435,6231986409.5655,78298.8,64062.7,68395.4,71606.3,71169.1,71169.2,92863776,2704.0,0.0001,UTC+8,"[0.0394, 0.0566, 0.085, 0.075, 0.2515, 1.0652]","[0.0354, 0.0175, 0.0394]"
1730206213101,BTC_USDT,71169.2,0.0394,71169.1,71180.0,892137400,6231993275.9624,78298.0,64062.0,68395.4,71606.3,71169.1,71169.2,92865184,2704.1,0.0001,UTC+8,"[0.0394, 0.0566, 0.085, 0.075, 0.2515, 1.0652]","[0.0354, 0.0175, 0.0394]"
1730206215100,BTC_USDT,71169.1,0.0394,71169.1,71180.0,892139180,6232005944.06231,78298.0,64062.0,68395.4,71606.3,71169.1,71169.2,93253140,2704.0,0.0001,UTC+8,"[0.0394, 0.0566, 0.085, 0.075, 0.2515, 1.0652]","[0.0354, 0.0175, 0.0394]"
1730206217094,BTC_USDT,71169.0,0.0394,71169.2,71180.0,892140751,6232017126.14262,78298.0,64062.0,68395.4,71606.3,71169.0,71169.1,92870072,2703.9,0.0001,UTC+8,"[0.0394, 0.0566, 0.0849, 0.075, 0.2515, 1.0652]","[0.0354, 0.0175, 0.0394]"
1730206220092,BTC_USDT,71168.7,0.0394,71168.7,71180.0,892142122,6232026884.79434,78298.0,64062.0,68395.4,71606.3,71168.6,71168.7,92800924,2703.6,0.0001,UTC+8,"[0.0394, 0.0566, 0.0849, 0.075, 0.2515, 1.0652]","[0.0354, 0.0175, 0.0394]"
1730206222095,BTC_USDT,71167.3,0.0394,71167.6,71180.0,892154112,6232112211.54852,78298.0,64062.0,68395.4,71606.3,71167.3,71167.4,93258886,2702.2,0.0001,UTC+8,"[0.0394, 0.0566, 0.0849, 0.075, 0.2515, 1.0652]","[0.0354, 0.0175, 0.0394]"
1730206224096,BTC_USDT,71167.3,0.0394,71167.7,71180.0,892164754,6232187950.63657,78298.0,64062.0,68395.4,71606.3,71167.3,71167.4,92803882,2702.2,0.0001,UTC+8,"[0.0394, 0.0566, 0.0849, 0.075, 0.2515, 1.0652]","[0.0354, 0.0175, 0.0394]"
1730206226085,BTC_USDT,71167.4,0.0394,71167.8,71180.1,892164764,6232188018.95724,78298.1,64062.0,68395.4,71606.3,71167.3,71167.4,93260872,2702.3,0.0001,UTC+8,"[0.0394, 0.0566, 0.0849, 0.075, 0.2515, 1.0652]","[0.0354, 0.0175, 0.0394]"
1730206229101,BTC_USDT,71167.3,0.0394,71167.8,71180.1,892192087,6232382470.79484,78298.1,64062.0,68395.4,71606.3,71167.3,71167.4,92944380,2702.2,0.0001,UTC+8,"[0.0394, 0.0566, 0.0849, 0.075, 0.2515, 1.0652]","[0.0354, 0.0175, 0.0394]"
1730206231102,BTC_USDT,71167.3,0.0394,71167.8,71180.1,892192104,6232382590.356,78298.1,64062.0,68395.4,71606.3,71167.3,71167.4,92872068,2702.2,0.0001,UTC+8,"[0.0394, 0.0566, 0.0849, 0.075, 0.2515, 1.0652]","[0.0354, 0.0175, 0.0394]"
1730206233098,BTC_USDT,71167.3,0.0394,71167.8,71180.1,892196303,6232412474.97036,78298.1,64062.0,68395.4,71606.3,71167.3,71167.4,92882066,2702.2,0.0001,UTC+8,"[0.0394, 0.0566, 0.0849, 0.075, 0.2515, 1.0652]","[0.0354, 0.0175, 0.0394]"
1730206235091,BTC_USDT,71167.4,0.0394,71167.8,71180.1,892198903,6232430978.47724,78298.1,64062.0,68395.4,71606.3,71167.3,71167.4,93339728,2702.3,0.0001,UTC+8,"[0.0394, 0.0566, 0.0849, 0.075, 0.2515, 1.0652]","[0.0354, 0.0175, 0.0394]"
1730206237097,BTC_USDT,71167.3,0.0394,71167.8,71180.1,892199851,6232437725.13771,78298.1,64062.0,68395.4,71606.3,71167.3,71167.4,92957292,2702.2,0.0001,UTC+8,"[0.0394, 0.0566, 0.0849, 0.075, 0.2515, 1.0652]","[0.0354, 0.0175, 0.0394]"
1730206240114,BTC_USDT,71167.3,0.0394,71167.7,71180.0,892200660,6232443481.15192,78298.0,64062.0,68395.4,71606.3,71167.3,71167.4,93342454,2702.2,0.0001,UTC+8,"[0.0394, 0.0566, 0.0849, 0.075, 0.2515, 1.0652]","[0.0354, 0.0175, 0.0394]"
1730206242087,BTC_USDT,71163.0,0.0394,71167.8,71180.0,892202396,6232455841.4096,78298.0,64062.0,68395.4,71606.3,71161.0,71161.1,93342728,2697.9,0.0001,UTC+8,"[0.0394, 0.0565, 0.0849, 0.075, 0.2514, 1.065]","[0.0353, 0.0174, 0.0394]"
1730206244092,BTC_USDT,71160.4,0.0393,71161.7,71173.9,892228904,6232644469.4002,78291.2,64056.5,68395.4,71606.3,71160.0,71160.1,93342878,2695.3,0.0001,UTC+8,"[0.0393, 0.0565, 0.0848, 0.0749, 0.2514, 1.065]","[0.0353, 0.0174, 0.0393]"
1730206246093,BTC_USDT,71160.0,0.0393,71161.7,71173.9,892244235,6232753566.22224,78291.2,64056.5,68395.4,71606.3,71160.0,71160.1,93344278,2694.9,0.0001,UTC+8,"[0.0393, 0.0565, 0.0848, 0.0749, 0.2514, 1.0649]","[0.0353, 0.0174, 0.0393]"
1730206249093,BTC_USDT,71155.1,0.0392,71157.8,71169.9,892265757,6232906711.26935,78286.8,64052.9,68395.4,71606.3,71155.0,71155.1,92967750,2690.0,0.0001,UTC+8,"[0.0392, 0.0564, 0.0847, 0.0748, 0.2513, 1.0648]","[0.0352, 0.0173, 0.0392]"
1730206251101,BTC_USDT,71161.7,0.0393,71157.9,71170.1,892273592,6232962462.86491,78287.1,64053.0,68395.4,71606.3,71160.0,71160.1,93353522,2696.6,0.0001,UTC+8,"[0.0393, 0.0565, 0.0848, 0.0749, 0.2514, 1.065]","[0.0353, 0.0174, 0.0393]"
1730206253093,BTC_USDT,71160.1,0.0393,71160.1,71170.1,892295419,6233117779.74588,78287.1,64053.0,68395.4,71606.3,71160.0,71160.1,93267446,2695.0,0.0001,UTC+8,"[0.0393, 0.0565, 0.0848, 0.0749, 0.2514, 1.0649]","[0.0353, 0.0174, 0.0393]"
1730206255091,BTC_USDT,71160.0,0.0393,71160.0,71170.1,892297540,6233132871.35882,78287.1,64053.0,68395.4,71606.3,71159.6,71160.1,93268184,2694.9,0.0001,UTC+8,"[0.0393, 0.0565, 0.0848, 0.0749, 0.2514, 1.0649]","[0.0353, 0.0174, 0.0393]"
1730206257093,BTC_USDT,71160.1,0.0393,71159.6,71170.0,892897960,6237405454.1892,78287.0,64053.0,68395.4,71606.3,71160.0,71160.1,92811538,2695.0,0.0001,UTC+8,"[0.0393, 0.0565, 0.0848, 0.0749, 0.2514, 1.0649]","[0.0353, 0.0174, 0.0393]"
1730206260093,BTC_USDT,71148.1,0.0391,71154.3,71166.4,893008900,6238194803.20632,78283.0,64049.7,68395.4,71606.3,71148.0,71148.1,93019720,2683.0,0.0001,UTC+8,"[0.0391, 0.0563, 0.0846, 0.0747, 0.2512, 1.0646]","[0.0351, 0.0172, 0.0391]"
1730206262085,BTC_USDT,71148.0,0.0391,71153.7,71165.8,893029544,6238341675.44897,78282.3,64049.2,68395.4,71606.3,71148.0,71148.1,93034968,2682.9,0.0001,UTC+8,"[0.0391, 0.0563, 0.0846, 0.0747, 0.2512, 1.0646]","[0.0351, 0.0172, 0.0391]"
1730206264099,BTC_USDT,71149.8,0.0392,71153.7,71165.9,893033107,6238367027.19076,78282.4,64049.3,68395.4,71606.3,71149.8,71149.9,93492848,2684.7,0.0001,UTC+8,"[0.0392, 0.0563, 0.0847, 0.0748, 0.2512, 1.0647]","[0.0351, 0.0172, 0.0392]"
1730206266094,BTC_USDT,71149.9,0.0392,71153.7,71165.9,893033639,6238370812.36273,78282.4,64049.3,68395.4,71606.3,71149.8,71149.9,93512876,2684.8,0.0001,UTC+8,"[0.0392, 0.0563, 0.0847, 0.0748, 0.2512, 1.0647]","[0.0351, 0.0172, 0.0392]"
1730206268096,BTC_USDT,71165.0,0.0394,71160.0,71171.2,893052681,6238506301.50958,78288.3,64054.0,68395.4,71606.3,71164.9,71165.0,93517632,2699.9,0.0001,UTC+8,"[0.0394, 0.0565, 0.0849, 0.075, 0.2515, 1.0651]","[0.0354, 0.0175, 0.0394]"
1730206271127,BTC_USDT,71164.9,0.0394,71164.9,71171.2,893057887,6238543347.15566,78288.3,64054.0,68395.4,71606.3,71164.9,71165.0,93521014,2699.8,0.0001,UTC+8,"[0.0394, 0.0565, 0.0849, 0.075, 0.2515, 1.0651]","[0.0354, 0.0175, 0.0394]"
1730206273085,BTC_USDT,71158.3,0.0393,71161.3,71171.0,893063672,6238584514.20501,78288.1,64053.9,68395.4,71606.3,71158.2,71158.3,92889660,2693.2,0.0001,UTC+8,"[0.0393, 0.0564, 0.0848, 0.0749, 0.2513, 1.0649]","[0.0353, 0.0174, 0.0393]"
1730206275095,BTC_USDT,71153.2,0.0392,71155.8,71167.9,893066660,6238605775.19036,78284.6,64051.1,68395.4,71606.3,71153.1,71153.2,92894488,2688.1,0.0001,UTC+8,"[0.0392, 0.0564, 0.0847, 0.0748, 0.2513, 1.0647]","[0.0352, 0.0173, 0.0392]"
1730206277095,BTC_USDT,71153.2,0.0392,71154.3,71166.4,893067947,6238614934.0215,78283.0,64049.7,68395.4,71606.3,71151.1,71151.2,92895506,2688.1,0.0001,UTC+8,"[0.0392, 0.0564, 0.0847, 0.0748, 0.2513, 1.0647]","[0.0352, 0.0173, 0.0392]"
1730206280093,BTC_USDT,71151.1,0.0392,71153.7,71165.8,893077467,6238682669.85753,78282.3,64049.2,68395.4,71606.3,71151.0,71151.1,93294318,2686.0,0.0001,UTC+8,"[0.0392, 0.0563, 0.0847, 0.0748, 0.2512, 1.0647]","[0.0352, 0.0173, 0.0392]"
1730206282087,BTC_USDT,71151.0,0.0392,71153.8,71165.9,893081178,6238709075.4422,78282.4,64049.3,68395.4,71606.3,71151.0,71151.1,93303416,2685.9,0.0001,UTC+8,"[0.0392, 0.0563, 0.0847, 0.0748, 0.2512, 1.0647]","[0.0352, 0.0173, 0.0392]"
1730206284091,BTC_USDT,71151.1,0.0392,71153.8,71165.9,893081718,6238712917.59758,78282.4,64049.3,68395.4,71606.3,71151.0,71151.1,92919576,2686.0,0.0001,UTC+8,"[0.0392, 0.0563, 0.0847, 0.0748, 0.2512, 1.0647]","[0.0352, 0.0173, 0.0392]"
1730206286092,BTC_USDT,71149.9,0.0392,71150.1,71160.8,893687440,6243022614.797,78276.8,64044.7,68395.4,71606.3,71149.7,71150.1,94356390,2684.8,0.0001,UTC+8,"[0.0392, 0.0563, 0.0847, 0.0748, 0.2512, 1.0647]","[0.0351, 0.0172, 0.0392]"
1730206288092,BTC_USDT,71150.0,0.0392,71150.0,71160.8,893687560,6243023468.598,78276.8,64044.7,68395.4,71606.3,71150.0,71150.1,94813644,2684.9,0.0001,UTC+8,"[0.0392, 0.0563, 0.0847, 0.0748, 0.2512, 1.0647]","[0.0351, 0.0173, 0.0392]"
1730206291096,BTC_USDT,71151.1,0.0392,71151.1,71160.9,893694222,6243070872.11393,78276.9,64044.8,68395.4,71606.3,71151.0,71151.1,94358292,2686.0,0.0001,UTC+8,"[0.0392, 0.0563, 0.0847, 0.0748, 0.2512, 1.0647]","[0.0352, 0.0173, 0.0392]"
1730206293083,BTC_USDT,71151.0,0.0392,71151.0,71160.9,893707791,6243167415.48395,78276.9,64044.8,68395.4,71606.3,71151.0,71151.1,94362720,2685.9,0.0001,UTC+8,"[0.0392, 0.0563, 0.0847, 0.0748, 0.2512, 1.0647]","[0.0352, 0.0173, 0.0392]"
1730206295097,BTC_USDT,71151.1,0.0392,71151.1,71160.9,893717077,6243233489.24134,78276.9,64044.8,68395.4,71606.3,71151.0,71151.1,94384820,2686.0,0.0001,UTC+8,"[0.0392, 0.0563, 0.0847, 0.0748, 0.2512, 1.0647]","[0.0352, 0.0173, 0.0392]"
1730206297094,BTC_USDT,71151.1,0.0392,71151.0,71160.9,893718308,6243242243.66043,78276.9,64044.8,68395.4,71606.3,71151.0,71151.1,94460184,2686.0,0.0001,UTC+8,"[0.0392, 0.0563, 0.0847, 0.0748, 0.2512, 1.0647]","[0.0352, 0.0173, 0.0392]"
1730206300089,BTC_USDT,71151.0,0.0392,71151.0,71160.8,893726440,6243300109.34817,78276.8,64044.7,68395.4,71606.3,71151.0,71151.1,94337738,2685.9,0.0001,UTC+8,"[0.0392, 0.0563, 0.0847, 0.0748, 0.2512, 1.0647]","[0.0352, 0.0173, 0.0392]"
1730206302089,BTC_USDT,71151.0,0.0392,71151.0,71160.8,893726820,6243302807.39736,78276.8,64044.7,68395.4,71606.3,71151.0,71151.1,94794404,2685.9,0.0001,UTC+8,"[0.0392, 0.0563, 0.0847, 0.0748, 0.2512, 1.0647]","[0.0352, 0.0173, 0.0392]"
1730206304094,BTC_USDT,71151.0,0.0392,71151.0,71160.8,893729640,6243322871.99563,78276.8,64044.7,68395.4,71606.3,71150.0,71150.4,94337890,2685.9,0.0001,UTC+8,"[0.0392, 0.0563, 0.0847, 0.0748, 0.2512, 1.0647]","[0.0352, 0.0173, 0.0392]"
1730206306092,BTC_USDT,71145.5,0.0391,71140.3,71152.5,893893334,6244487357.53614,78267.7,64037.2,68395.4,71606.3,71145.8,71150.0,94867056,2680.4,0.0001,UTC+8,"[0.0391, 0.0562, 0.0846, 0.0747, 0.2511, 1.0645]","[0.0351, 0.0172, 0.0391]"
1730206308095,BTC_USDT,71153.1,0.0392,71151.9,71164.0,893893416,6244487938.12653,78280.4,64047.6,68395.4,71606.3,71157.6,71157.7,94410712,2688.0,0.0001,UTC+8,"[0.0392, 0.0564, 0.0847, 0.0748, 0.2513, 1.0647]","[0.0352, 0.0173, 0.0392]"
1730206311077,BTC_USDT,71149.9,0.0392,71157.7,71169.3,893900264,6244536666.4904,78286.2,64052.3,68395.4,71606.3,71148.8,71148.9,94487728,2684.8,0.0001,UTC+8,"[0.0392, 0.0563, 0.0847, 0.0748, 0.2512, 1.0647]","[0.0351, 0.0172, 0.0392]"
1730206313094,BTC_USDT,71155.1,0.0392,71153.7,71165.8,893902348,6244551495.22584,78282.3,64049.2,68395.4,71606.3,71155.1,71155.2,94877608,2690.0,0.0001,UTC+8,"[0.0392, 0.0564, 0.0847, 0.0748, 0.2513, 1.0648]","[0.0352, 0.0173, 0.0392]"
1730206315097,BTC_USDT,71158.6,0.0393,71155.1,71165.9,893909219,6244600388.97108,78282.4,64049.3,68395.4,71606.3,71163.3,71163.4,94436708,2693.5,0.0001,UTC+8,"[0.0393, 0.0564, 0.0848, 0.0749, 0.2513, 1.0649]","[0.0353, 0.0174, 0.0393]"
1730206317088,BTC_USDT,71167.3,0.0394,71167.2,71177.5,893914404,6244637287.4382,78295.2,64059.7,68395.4,71606.3,71167.2,71167.3,94903826,2702.2,0.0001,UTC+8,"[0.0394, 0.0566, 0.0849, 0.075, 0.2515, 1.0652]","[0.0354, 0.0175, 0.0394]"
1730206320092,BTC_USDT,71174.5,0.0395,71174.5,71183.8,893915397,6244644358.96018,78302.1,64065.4,68395.4,71606.3,71174.5,71174.6,94520430,2709.4,0.0001,UTC+8,"[0.0395, 0.0567, 0.085, 0.0751, 0.2516, 1.0654]","[0.0355, 0.0176, 0.0395]"
1730206322087,BTC_USDT,71174.6,0.0395,71174.6,71184.3,893915728,6244646716.26204,78302.7,64065.8,68395.4,71606.3,71174.5,71174.6,94327590,2709.5,0.0001,UTC+8,"[0.0395, 0.0567, 0.085, 0.0751, 0.2516, 1.0654]","[0.0355, 0.0176, 0.0395]"
1730206324105,BTC_USDT,71173.2,0.0395,71174.6,71184.3,893916784,6244654232.28706,78302.7,64065.8,68395.4,71606.3,71173.1,71173.2,94403072,2708.1,0.0001,UTC+8,"[0.0395, 0.0567, 0.085, 0.0751, 0.2516, 1.0653]","[0.0355, 0.0176, 0.0395]"
1730206326095,BTC_USDT,71173.1,0.0395,71173.2,71184.3,893920037,6244677383.47416,78302.7,64065.8,68395.4,71606.3,71173.1,71173.2,94793864,2708.0,0.0001,UTC+8,"[0.0395, 0.0566, 0.085, 0.0751, 0.2516, 1.0653]","[0.0355, 0.0176, 0.0395]"
1730206328094,BTC_USDT,71164.2,0.0394,71172.1,71184.1,893920620,6244681528.59239,78302.5,64065.6,68395.4,71606.3,71164.1,71164.2,94793884,2699.1,0.0001,UTC+8,"[0.0394, 0.0565, 0.0849, 0.075, 0.2514, 1.0651]","[0.0354, 0.0175, 0.0394]"
1730206331095,BTC_USDT,71152.2,0.0392,71164.0,71169.6,893926884,6244726105.48874,78286.5,64052.6,68395.4,71606.3,71152.1,71152.2,94346102,2687.1,0.0001,UTC+8,"[0.0392, 0.0563, 0.0847, 0.0748, 0.2512, 1.0647]","[0.0352, 0.0173, 0.0392]"
1730206333084,BTC_USDT,71152.1,0.0392,71157.5,71169.6,893929118,6244741998.02116,78286.5,64052.6,68395.4,71606.3,71152.0,71152.1,94351658,2687.0,0.0001,UTC+8,"[0.0392, 0.0563, 0.0847, 0.0748, 0.2512, 1.0647]","[0.0352, 0.0173, 0.0392]"
1730206335097,BTC_USDT,71152.1,0.0392,71157.5,71169.6,893934875,6244782958.80769,78286.5,64052.6,68395.4,71606.3,71152.0,71152.1,94365392,2687.0,0.0001,UTC+8,"[0.0392, 0.0563, 0.0847, 0.0748, 0.2512, 1.0647]","[0.0352, 0.0173, 0.0392]"
1730206337096,BTC_USDT,71154.6,0.0392,71157.4,71169.6,893962012,6244976049.7045,78286.5,64052.6,68395.4,71606.3,71154.6,71154.7,94865750,2689.5,0.0001,UTC+8,"[0.0392, 0.0564, 0.0847, 0.0748, 0.2513, 1.0648]","[0.0352, 0.0173, 0.0392]"
1730206339090,BTC_USDT,71137.2,0.039,71153.6,71150.1,893993742,6245201777.62306,78265.1,64035.0,68395.4,71606.3,71141.5,71141.6,94477300,2672.1,0.0001,UTC+8,"[0.039, 0.0561, 0.0845, 0.0746, 0.251, 1.0643]","[0.035, 0.0171, 0.039]"
1730206342091,BTC_USDT,71149.7,0.0392,71151.2,71163.4,893996329,6245220185.31144,78279.7,64047.0,68395.4,71606.3,71149.7,71149.8,94367174,2684.6,0.0001,UTC+8,"[0.0392, 0.0563, 0.0847, 0.0747, 0.2512, 1.0646]","[0.0351, 0.0172, 0.0392]"
1730206344098,BTC_USDT,71151.1,0.0392,71151.9,71164.1,893996438,6245220959.42192,78280.5,64047.6,68395.4,71606.3,71154.5,71154.6,94368600,2686.0,0.0001,UTC+8,"[0.0392, 0.0563, 0.0847, 0.0748, 0.2512, 1.0647]","[0.0352, 0.0173, 0.0392]"
1730206346091,BTC_USDT,71154.5,0.0392,71155.6,71167.7,894003857,6245273750.26628,78284.4,64050.9,68395.4,71606.3,71154.5,71154.6,94841786,2689.4,0.0001,UTC+8,"[0.0392, 0.0564, 0.0847, 0.0748, 0.2513, 1.0648]","[0.0352, 0.0173, 0.0392]"
1730206348090,BTC_USDT,71154.6,0.0392,71155.4,71167.6,894032327,6245476324.55452,78284.3,64050.8,68395.4,71606.3,71154.5,71154.6,94517782,2689.5,0.0001,UTC+8,"[0.0392, 0.0564, 0.0847, 0.0748, 0.2513, 1.0648]","[0.0352, 0.0173, 0.0392]"
1730206351101,BTC_USDT,71154.6,0.0392,71154.9,71167.1,894036426,6245505491.07068,78283.8,64050.3,68395.4,71606.3,71154.5,71154.6,94911514,2689.5,0.0001,UTC+8,"[0.0392, 0.0564, 0.0847, 0.0748, 0.2513, 1.0648]","[0.0352, 0.0173, 0.0392]"
1730206353091,BTC_USDT,71154.6,0.0392,71154.9,71167.1,894036642,6245507028.00864,78283.8,64050.3,68395.4,71606.3,71154.5,71154.6,94911814,2689.5,0.0001,UTC+8,"[0.0392, 0.0564, 0.0847, 0.0748, 0.2513, 1.0648]","[0.0352, 0.0173, 0.0392]"
1730206355098,BTC_USDT,71154.5,0.0392,71154.9,71167.1,894040333,6245533292.58293,78283.8,64050.3,68395.4,71606.3,71154.5,71154.6,94368402,2689.4,0.0001,UTC+8,"[0.0392, 0.0564, 0.0847, 0.0748, 0.2513, 1.0648]","[0.0352, 0.0173, 0.0392]"
1730206357093,BTC_USDT,71154.6,0.0392,71154.8,71167.1,894040470,6245534265.97692,78283.8,64050.3,68395.4,71606.3,71154.5,71154.6,94440750,2689.5,0.0001,UTC+8,"[0.0392, 0.0564, 0.0847, 0.0748, 0.2513, 1.0648]","[0.0352, 0.0173, 0.0392]"
1730206359090,BTC_USDT,71154.6,0.0392,71154.8,71167.1,894066272,6245717856.21938,78283.8,64050.3,68395.4,71606.3,71154.5,71154.6,94889354,2689.5,0.0001,UTC+8,"[0.0392, 0.0564, 0.0847, 0.0748, 0.2513, 1.0648]","[0.0352, 0.0173, 0.0392]"
1730206362092,BTC_USDT,71154.6,0.0392,71154.7,71167.1,894066494,6245719438.69763,78283.8,64050.3,68395.4,71606.3,71154.5,71154.6,94895346,2689.5,0.0001,UTC+8,"[0.0392, 0.0564, 0.0847, 0.0748, 0.2513, 1.0648]","[0.0352, 0.0173, 0.0392]"
1730206364094,BTC_USDT,71154.5,0.0392,71154.7,71167.1,894069879,6245743523.098,78283.8,64050.3,68395.4,71606.3,71154.5,71154.6,94440456,2689.4,0.0001,UTC+8,"[0.0392, 0.0564, 0.0847, 0.0748, 0.2513, 1.0648]","[0.0352, 0.0173, 0.0392]"
1730206366101,BTC_USDT,71154.6,0.0392,71154.7,71167.1,894081016,6245822766.55283,78283.8,64050.3,68395.4,71606.3,71154.5,71154.6,94536582,2689.5,0.0001,UTC+8,"[0.0392, 0.0564, 0.0847, 0.0748, 0.2513, 1.0648]","[0.0352, 0.0173, 0.0392]"
1730206368096,BTC_USDT,71151.1,0.0392,71151.3,71158.9,894082547,6245833661.24248,78274.7,64043.0,68395.4,71606.3,71151.1,71151.2,94466876,2686.0,0.0001,UTC+8,"[0.0392, 0.0563, 0.0847, 0.0748, 0.2512, 1.0647]","[0.0352, 0.0173, 0.0392]"
1730206370083,BTC_USDT,71151.2,0.0392,71151.2,71158.9,894083940,6245843571.16845,78274.7,64043.0,68395.4,71606.3,71151.1,71151.2,94467030,2686.1,0.0001,UTC+8,"[0.0392, 0.0563, 0.0847, 0.0748, 0.2512, 1.0647]","[0.0352, 0.0173, 0.0392]"
1730206373091,BTC_USDT,71151.1,0.0392,71151.2,71158.9,894086655,6245862890.12246,78274.7,64043.0,68395.4,71606.3,71151.1,71151.2,94469556,2686.0,0.0001,UTC+8,"[0.0392, 0.0563, 0.0847, 0.0748, 0.2512, 1.0647]","[0.0352, 0.0173, 0.0392]"
1730206375090,BTC_USDT,71145.0,0.0391,71146.7,71158.8,894117889,6246085110.875,78274.6,64042.9,68395.4,71606.3,71143.0,71143.1,94815836,2679.9,0.0001,UTC+8,"[0.0391, 0.0562, 0.0846, 0.0747, 0.2511, 1.0645]","[0.0351, 0.0172, 0.0391]"
1730206377089,BTC_USDT,71140.1,0.039,71140.1,71152.1,894118164,6246087062.95933,78267.3,64036.8,68395.4,71606.3,71140.0,71140.1,94431826,2675.0,0.0001,UTC+8,"[0.039, 0.0562, 0.0845, 0.0746, 0.251, 1.0644]","[0.035, 0.0171, 0.039]"
1730206379091,BTC_USDT,71139.9,0.039,71140.0,71152.0,894881451,6251517067.67175,78267.2,64036.8,68395.4,71606.3,71139.9,71140.1,94362642,2674.8,0.0001,UTC+8,"[0.039, 0.0562, 0.0845, 0.0746, 0.251, 1.0644]","[0.035, 0.0171, 0.039]"
1730206382089,BTC_USDT,71133.7,0.0389,71137.5,71149.7,894884105,6251535949.60284,78264.6,64034.7,68395.4,71606.3,71133.7,71133.8,94823540,2668.6,0.0001,UTC+8,"[0.0389, 0.0561, 0.0844, 0.0745, 0.2509, 1.0642]","[0.0349, 0.017, 0.0389]"
1730206384095,BTC_USDT,71133.7,0.0389,71137.5,71149.7,894884584,6251539352.63913,78264.6,64034.7,68395.4,71606.3,71133.7,71133.8,94366560,2668.6,0.0001,UTC+8,"[0.0389, 0.0561, 0.0844, 0.0745, 0.2509, 1.0642]","[0.0349, 0.017, 0.0389]"
1730206386098,BTC_USDT,71133.7,0.0389,71136.7,71149.0,894885351,6251544810.01675,78263.9,64034.1,68395.4,71606.3,71133.7,71133.8,94823604,2668.6,0.0001,UTC+8,"[0.0389, 0.0561, 0.0844, 0.0745, 0.2509, 1.0642]","[0.0349, 0.017, 0.0389]"
1730206388099,BTC_USDT,71133.6,0.0389,71136.6,71148.9,894885954,6251549100.80106,78263.7,64034.0,68395.4,71606.3,71133.6,71133.7,94852514,2668.5,0.0001,UTC+8,"[0.0389, 0.0561, 0.0844, 0.0745, 0.2509, 1.0642]","[0.0349, 0.017, 0.0389]"
1730206390095,BTC_USDT,71133.6,0.0389,71136.1,71148.4,894903578,6251674466.66008,78263.2,64033.5,68395.4,71606.3,71133.6,71133.7,94408306,2668.5,0.0001,UTC+8,"[0.0389, 0.0561, 0.0844, 0.0745, 0.2509, 1.0642]","[0.0349, 0.017, 0.0389]"
1730206393120,BTC_USDT,71129.3,0.0389,71133.6,71144.1,895629472,6256837992.00364,78258.5,64029.6,68395.4,71606.3,71129.2,71129.3,96175702,2664.2,0.0001,UTC+8,"[0.0389, 0.056, 0.0843, 0.0744, 0.2508, 1.0641]","[0.0348, 0.017, 0.0389]"
1730206395086,BTC_USDT,71128.6,0.0389,71131.6,71144.0,895629572,6256838703.2964,78258.4,64029.6,68395.4,71606.3,71128.5,71128.6,96175700,2663.5,0.0001,UTC+8,"[0.0389, 0.056, 0.0843, 0.0744, 0.2508, 1.064]","[0.0348, 0.0169, 0.0389]"
1730206397093,BTC_USDT,71128.5,0.0389,71131.7,71144.1,895646827,6256961431.39528,78258.5,64029.6,68395.4,71606.3,71128.5,71128.6,96599568,2663.4,0.0001,UTC+8,"[0.0389, 0.056, 0.0843, 0.0744, 0.2508, 1.064]","[0.0348, 0.0169, 0.0389]"
1730206399099,BTC_USDT,71129.9,0.0389,71131.7,71144.1,895685507,6257236561.75588,78258.5,64029.6,68395.4,71606.3,71129.9,71130.0,96230724,2664.8,0.0001,UTC+8,"[0.0389, 0.056, 0.0844, 0.0745, 0.2508, 1.0641]","[0.0349, 0.017, 0.0389]"
1730206401096,BTC_USDT,71129.9,0.0389,71131.5,71144.0,895691449,6257278830.03112,78258.4,64029.6,68395.4,71606.3,71129.9,71130.0,96234332,2664.8,0.0001,UTC+8,"[0.0389, 0.056, 0.0844, 0.0745, 0.2508, 1.0641]","[0.0349, 0.017, 0.0389]"
1730206404091,BTC_USDT,71138.1,0.039,71138.2,71144.2,895697004,6257318340.04754,78258.6,64029.7,68395.4,71606.3,71138.1,71138.2,96240670,2673.0,0.0001,UTC+8,"[0.039, 0.0561, 0.0845, 0.0746, 0.251, 1.0643]","[0.035, 0.0171, 0.039]"
1730206406093,BTC_USDT,71138.2,0.039,71138.1,71146.1,895707240,6257391162.7888,78260.7,64031.4,68395.4,71606.3,71138.1,71138.2,96265120,2673.1,0.0001,UTC+8,"[0.039, 0.0561, 0.0845, 0.0746, 0.251, 1.0643]","[0.035, 0.0171, 0.039]"
1730206408092,BTC_USDT,71138.2,0.039,71138.1,71146.1,895711145,6257418940.82928,78260.7,64031.4,68395.4,71606.3,71138.1,71138.2,96273750,2673.1,0.0001,UTC+8,"[0.039, 0.0561, 0.0845, 0.0746, 0.251, 1.0643]","[0.035, 0.0171, 0.039]"
1730206410101,BTC_USDT,71138.1,0.039,71138.1,71146.0,895711224,6257419504.24308,78260.6,64031.4,68395.4,71606.3,71138.1,71138.2,96346058,2673.0,0.0001,UTC+8,"[0.039, 0.0561, 0.0845, 0.0746, 0.251, 1.0643]","[0.035, 0.0171, 0.039]"
1730206413096,BTC_USDT,71136.0,0.039,71135.0,71146.2,895724492,6257513883.29263,78260.8,64031.5,68395.4,71606.3,71136.0,71136.1,96287262,2670.9,0.0001,UTC+8,"[0.039, 0.0561, 0.0844, 0.0745, 0.251, 1.0643]","[0.0349, 0.0171, 0.039]"
1730206415103,BTC_USDT,71139.0,0.039,71139.0,71148.1,895733356,6257576938.96452,78262.9,64033.2,68395.4,71606.3,71138.9,71139.0,96764896,2673.9,0.0001,UTC+8,"[0.039, 0.0561, 0.0845, 0.0746, 0.251, 1.0643]","[0.035, 0.0171, 0.039]"
1730206417099,BTC_USDT,71138.9,0.039,71139.0,71149.8,895735115,6257589448.04126,78264.7,64034.8,68395.4,71606.3,71138.9,71139.0,96767384,2673.8,0.0001,UTC+8,"[0.039, 0.0561, 0.0845, 0.0746, 0.251, 1.0643]","[0.035, 0.0171, 0.039]"
1730206419094,BTC_USDT,71138.9,0.039,71139.0,71149.8,895736552,6257599674.96957,78264.7,64034.8,68395.4,71606.3,71138.9,71139.0,96312716,2673.8,0.0001,UTC+8,"[0.039, 0.0561, 0.0845, 0.0746, 0.251, 1.0643]","[0.035, 0.0171, 0.039]"
1730206421087,BTC_USDT,71139.0,0.039,71139.0,71149.8,895738693,6257614904.40244,78264.7,64034.8,68395.4,71606.3,71138.9,71139.0,96315116,2673.9,0.0001,UTC+8,"[0.039, 0.0561, 0.0845, 0.0746, 0.251, 1.0643]","[0.035, 0.0171, 0.039]"
1730206424116,BTC_USDT,71138.9,0.039,71138.9,71149.8,895739564,6257621096.33472,78264.7,64034.8,68395.4,71606.3,71138.9,71139.0,96645000,2673.8,0.0001,UTC+8,"[0.039, 0.0561, 0.0845, 0.0746, 0.251, 1.0643]","[0.035, 0.0171, 0.039]"
1730206426095,BTC_USDT,71139.0,0.039,71139.0,71149.7,895755084,6257731504.05692,78264.6,64034.7,68395.4,71606.3,71138.9,71139.0,96188228,2673.9,0.0001,UTC+8,"[0.039, 0.0561, 0.0845, 0.0746, 0.251, 1.0643]","[0.035, 0.0171, 0.039]"
1730206428098,BTC_USDT,71138.9,0.039,71138.9,71149.7,895756801,6257743722.88731,78264.6,64034.7,68395.4,71606.3,71138.9,71139.0,96647704,2673.8,0.0001,UTC+8,"[0.039, 0.0561, 0.0845, 0.0746, 0.251, 1.0643]","[0.035, 0.0171, 0.039]"
1730206430095,BTC_USDT,71139.0,0.039,71139.0,71149.7,895757156,6257746249.74456,78264.6,64034.7,68395.4,71606.3,71138.9,71139.0,96648478,2673.9,0.0001,UTC+8,"[0.039, 0.0561, 0.0845, 0.0746, 0.251, 1.0643]","[0.035, 0.0171, 0.039]"
1730206433097,BTC_USDT,71138.9,0.039,71138.9,71149.6,895759444,6257762526.33782,78264.5,64034.6,68395.4,71606.3,71138.9,71139.0,96223636,2673.8,0.0001,UTC+8,"[0.039, 0.0561, 0.0845, 0.0746, 0.251, 1.0643]","[0.035, 0.0171, 0.039]"
1730206435098,BTC_USDT,71123.6,0.0388,71137.3,71149.3,895769280,6257832483.01748,78264.2,64034.3,68395.4,71606.3,71123.6,71123.7,96166494,2658.5,0.0001,UTC+8,"[0.0388, 0.0559, 0.0843, 0.0744, 0.2507, 1.0639]","[0.0348, 0.0169, 0.0388]"
1730206437089,BTC_USDT,71127.4,0.0388,71126.0,71138.1,895770203,6257839049.48247,78251.9,64024.2,68395.4,71606.3,71127.4,71127.5,96167494,2662.3,0.0001,UTC+8,"[0.0388, 0.056, 0.0843, 0.0744, 0.2508, 1.064]","[0.0348, 0.0169, 0.0388]"
1730206439093,BTC_USDT,71128.0,0.0388,71127.4,71138.1,895776860,6257886403.58653,78251.9,64024.2,68395.4,71606.3,71127.9,71128.0,96181458,2662.9,0.0001,UTC+8,"[0.0388, 0.056, 0.0843, 0.0744, 0.2508, 1.064]","[0.0348, 0.0169, 0.0388]"
1730206441095,BTC_USDT,71127.9,0.0388,71127.9,71138.1,895780664,6257913454.9506,78251.9,64024.2,68395.4,71606.3,71123.7,71123.8,96645922,2662.8,0.0001,UTC+8,"[0.0388, 0.056, 0.0843, 0.0744, 0.2508, 1.064]","[0.0348, 0.0169, 0.0388]"
1730206444098,BTC_USDT,71128.0,0.0388,71128.0,71138.2,895797984,6258036646.26179,78252.0,64024.3,68395.4,71606.3,71127.9,71128.0,96293342,2662.9,0.0001,UTC+8,"[0.0388, 0.056, 0.0843, 0.0744, 0.2508, 1.064]","[0.0348, 0.0169, 0.0388]"
1730206446099,BTC_USDT,71130.0,0.0389,71130.0,71138.2,895798361,6258039332.05622,78252.0,64024.3,68395.4,71606.3,71129.9,71130.0,96294260,2664.9,0.0001,UTC+8,"[0.0389, 0.056, 0.0844, 0.0745, 0.2508, 1.0641]","[0.0349, 0.017, 0.0389]"
1730206448100,BTC_USDT,71125.3,0.0388,71130.8,71142.8,895833146,6258286748.916,78257.0,64028.5,68395.4,71606.3,71125.2,71125.3,96305730,2660.2,0.0001,UTC+8,"[0.0388, 0.0559, 0.0843, 0.0744, 0.2508, 1.0639]","[0.0348, 0.0169, 0.0388]"
1730206450098,BTC_USDT,71125.3,0.0388,71130.8,71142.8,895847796,6258390944.56695,78257.0,64028.5,68395.4,71606.3,71125.2,71125.3,96799100,2660.2,0.0001,UTC+8,"[0.0388, 0.0559, 0.0843, 0.0744, 0.2508, 1.0639]","[0.0348, 0.0169, 0.0388]"
1730206453096,BTC_USDT,71126.9,0.0388,71128.8,71140.9,895849463,6258402802.67488,78254.9,64026.8,68395.4,71606.3,71126.9,71127.0,96345344,2661.8,0.0001,UTC+8,"[0.0388, 0.056, 0.0843, 0.0744, 0.2508, 1.064]","[0.0348, 0.0169, 0.0388]"
1730206455124,BTC_USDT,71123.7,0.0388,71128.8,71140.9,895867381,6258530248.23596,78254.9,64026.8,68395.4,71606.3,71123.7,71123.8,96802442,2658.6,0.0001,UTC+8,"[0.0388, 0.0559, 0.0843, 0.0744, 0.2507, 1.0639]","[0.0348, 0.0169, 0.0388]"
1730206457085,BTC_USDT,71121.7,0.0388,71125.8,71137.9,895986597,6259378132.08577,78251.6,64024.1,68395.4,71606.3,71121.6,71121.7,96808636,2656.6,0.0001,UTC+8,"[0.0388, 0.0559, 0.0842, 0.0743, 0.2507, 1.0638]","[0.0347, 0.0168, 0.0388]"
1730206459097,BTC_USDT,71121.2,0.0387,71125.8,71137.9,895988390,6259390882.74261,78251.6,64024.1,68395.4,71606.3,71121.1,71121.2,96677140,2656.1,0.0001,UTC+8,"[0.0387, 0.0559, 0.0842, 0.0743, 0.2507, 1.0638]","[0.0347, 0.0168, 0.0387]"
1730206461097,BTC_USDT,71121.1,0.0387,71124.2,71136.3,896001887,6259486873.46977,78249.9,64022.6,68395.4,71606.3,71121.1,71121.2,96224890,2656.0,0.0001,UTC+8,"[0.0387, 0.0559, 0.0842, 0.0743, 0.2507, 1.0638]","[0.0347, 0.0168, 0.0387]"
1730206464088,BTC_USDT,71118.0,0.0387,71118.0,71128.8,896083374,6260066402.85898,78241.6,64015.9,68395.4,71606.3,71118.0,71118.1,96422220,2652.9,0.0001,UTC+8,"[0.0387, 0.0558, 0.0842, 0.0743, 0.2506, 1.0637]","[0.0347, 0.0168, 0.0387]"
1730206466090,BTC_USDT,71118.0,0.0387,71118.1,71128.8,896094829,6260147869.99804,78241.6,64015.9,68395.4,71606.3,71118.0,71118.1,96350746,2652.9,0.0001,UTC+8,"[0.0387, 0.0558, 0.0842, 0.0743, 0.2506, 1.0637]","[0.0347, 0.0168, 0.0387]"
1730206468089,BTC_USDT,71118.0,0.0387,71117.9,71128.7,896120152,6260327957.64888,78241.5,64015.8,68395.4,71606.3,71111.5,71111.6,96402338,2652.9,0.0001,UTC+8,"[0.0387, 0.0558, 0.0842, 0.0743, 0.2506, 1.0637]","[0.0347, 0.0168, 0.0387]"
1730206470086,BTC_USDT,71109.0,0.0386,71115.8,71127.9,896139172,6260463213.70764,78240.6,64015.1,68395.4,71606.3,71109.7,71109.8,96421818,2643.9,0.0001,UTC+8,"[0.0386, 0.0557, 0.084, 0.0741, 0.2505, 1.0635]","[0.0345, 0.0167, 0.0386]"
1730206472092,BTC_USDT,71110.9,0.0386,71115.8,71127.9,896149673,6260537885.11821,78240.6,64015.1,68395.4,71606.3,71110.9,71111.0,96422656,2645.8,0.0001,UTC+8,"[0.0386, 0.0557, 0.0841, 0.0742, 0.2505, 1.0635]","[0.0346, 0.0167, 0.0386]"
1730206475098,BTC_USDT,71103.4,0.0385,71104.0,71116.1,896298844,6261598478.18424,78227.7,64004.4,68395.4,71606.3,71103.3,71103.4,96695898,2638.3,0.0001,UTC+8,"[0.0385, 0.0556, 0.0839, 0.0741, 0.2504, 1.0633]","[0.0345, 0.0166, 0.0385]"
1730206477094,BTC_USDT,71109.5,0.0386,71109.5,71120.0,896322338,6261765534.64969,78232.0,64008.0,68395.4,71606.3,71109.4,71109.5,96240940,2644.4,0.0001,UTC+8,"[0.0386, 0.0557, 0.084, 0.0741, 0.2505, 1.0635]","[0.0346, 0.0167, 0.0386]"
1730206479085,BTC_USDT,71109.4,0.0386,71109.4,71120.0,896324492,6261780848.77296,78232.0,64008.0,68395.4,71606.3,71109.4,71109.5,96317860,2644.3,0.0001,UTC+8,"[0.0386, 0.0557, 0.084, 0.0741, 0.2505, 1.0635]","[0.0346, 0.0167, 0.0386]"
1730206481085,BTC_USDT,71109.4,0.0386,71109.4,71120.0,896329688,6261817802.93844,78232.0,64008.0,68395.4,71606.3,71109.4,71109.5,96256170,2644.3,0.0001,UTC+8,"[0.0386, 0.0557, 0.084, 0.0741, 0.2505, 1.0635]","[0.0346, 0.0167, 0.0386]"
1730206484088,BTC_USDT,71117.8,0.0387,71116.4,71123.5,896334373,6261851118.95,78235.8,64011.1,68395.4,71606.3,71117.7,71117.8,96715218,2652.7,0.0001,UTC+8,"[0.0387, 0.0558, 0.0842, 0.0743, 0.2506, 1.0637]","[0.0347, 0.0168, 0.0387]"
1730206486088,BTC_USDT,71117.7,0.0387,71117.7,71123.6,896335253,6261857377.31599,78235.9,64011.2,68395.4,71606.3,71117.7,71117.8,96332726,2652.6,0.0001,UTC+8,"[0.0387, 0.0558, 0.0842, 0.0743, 0.2506, 1.0637]","[0.0347, 0.0168, 0.0387]"
1730206488089,BTC_USDT,71124.8,0.0388,71124.8,71128.4,896390011,6262246836.0048,78241.2,64015.5,68395.4,71606.3,71124.7,71124.8,96469372,2659.7,0.0001,UTC+8,"[0.0388, 0.0559, 0.0843, 0.0744, 0.2508, 1.0639]","[0.0348, 0.0169, 0.0388]"
1730206490088,BTC_USDT,71124.9,0.0388,71124.9,71130.0,896406108,6262361330.01931,78243.0,64017.0,68395.4,71606.3,71124.9,71125.0,96874042,2659.8,0.0001,UTC+8,"[0.0388, 0.0559, 0.0843, 0.0744, 0.2508, 1.0639]","[0.0348, 0.0169, 0.0388]"
1730206492086,BTC_USDT,71126.0,0.0388,71125.0,71132.0,896409889,6262388221.13847,78245.2,64018.8,68395.4,71606.3,71126.0,71126.1,96421114,2660.9,0.0001,UTC+8,"[0.0388, 0.0559, 0.0843, 0.0744, 0.2508, 1.064]","[0.0348, 0.0169, 0.0388]"
1730206495088,BTC_USDT,71126.1,0.0388,71126.1,71133.8,896417680,6262443631.21037,78247.1,64020.4,68395.4,71606.3,71126.0,71126.1,96656696,2661.0,0.0001,UTC+8,"[0.0388, 0.056, 0.0843, 0.0744, 0.2508, 1.064]","[0.0348, 0.0169, 0.0388]"
1730206497095,BTC_USDT,71138.1,0.039,71133.0,71144.1,896420132,6262461072.32303,78258.5,64029.6,68395.4,71606.3,71138.9,71139.0,96276778,2673.0,0.0001,UTC+8,"[0.039, 0.0561, 0.0845, 0.0746, 0.251, 1.0643]","[0.035, 0.0171, 0.039]"
1730206499081,BTC_USDT,71138.9,0.039,71138.9,71144.6,896427791,6262515559.06293,78259.0,64030.1,68395.4,71606.3,71138.9,71139.0,96675360,2673.8,0.0001,UTC+8,"[0.039, 0.0561, 0.0845, 0.0746, 0.251, 1.0643]","[0.035, 0.0171, 0.039]"
1730206501086,BTC_USDT,71138.9,0.039,71138.9,71144.6,896437540,6262584916.74041,78259.0,64030.1,68395.4,71606.3,71138.9,71139.9,96306416,2673.8,0.0001,UTC+8,"[0.039, 0.0561, 0.0845, 0.0746, 0.251, 1.0643]","[0.035, 0.0171, 0.039]"
1730206504093,BTC_USDT,71142.0,0.039,71138.9,71146.2,896441955,6262616321.67846,78260.8,64031.5,68395.4,71606.3,71142.0,71142.1,96242016,2676.9,0.0001,UTC+8,"[0.039, 0.0562, 0.0845, 0.0746, 0.2511, 1.0644]","[0.035, 0.0171, 0.039]"
1730206506099,BTC_USDT,71142.1,0.0391,71142.1,71146.1,896443990,6262630800.51852,78260.7,64031.4,68395.4,71606.3,71142.0,71142.1,96314690,2677.0,0.0001,UTC+8,"[0.0391, 0.0562, 0.0845, 0.0746, 0.2511, 1.0644]","[0.035, 0.0171, 0.0391]"
1730206508094,BTC_USDT,71142.1,0.0391,71142.0,71146.2,896445654,6262642638.56247,78260.8,64031.5,68395.4,71606.3,71148.3,71148.4,96318872,2677.0,0.0001,UTC+8,"[0.0391, 0.0562, 0.0845, 0.0746, 0.2511, 1.0644]","[0.035, 0.0171, 0.0391]"
1730206510083,BTC_USDT,71154.0,0.0392,71152.9,71158.2,896451724,6262685830.41572,78274.0,64042.3,68395.4,71606.3,71156.3,71156.4,96706210,2688.9,0.0001,UTC+8,"[0.0392, 0.0564, 0.0847, 0.0748, 0.2513, 1.0648]","[0.0352, 0.0173, 0.0392]"
1730206513089,BTC_USDT,71163.6,0.0394,71163.0,71167.3,896535920,6263284973.99024,78284.0,64050.5,68395.4,71606.3,71163.5,71163.6,96381658,2698.5,0.0001,UTC+8,"[0.0394, 0.0565, 0.0849, 0.075, 0.2514, 1.0651]","[0.0353, 0.0174, 0.0394]"
1730206515094,BTC_USDT,71168.0,0.0394,71164.7,71171.3,896547182,6263365116.52741,78288.4,64054.1,68395.4,71606.3,71168.2,71168.3,96849042,2702.9,0.0001,UTC+8,"[0.0394, 0.0566, 0.0849, 0.075, 0.2515, 1.0652]","[0.0354, 0.0175, 0.0394]"
1730206517080,BTC_USDT,71176.4,0.0396,71169.3,71180.1,896561777,6263468993.7379,78298.1,64062.0,68395.4,71606.3,71176.3,71176.4,96420492,2711.3,0.0001,UTC+8,"[0.0396, 0.0567, 0.0851, 0.0752, 0.2517, 1.0654]","[0.0355, 0.0176, 0.0396]"
1730206519094,BTC_USDT,71171.5,0.0395,71171.5,71179.9,896576160,6263571364.92041,78297.8,64061.9,68395.4,71606.3,71171.4,71171.5,96424358,2706.4,0.0001,UTC+8,"[0.0395, 0.0566, 0.085, 0.0751, 0.2516, 1.0653]","[0.0355, 0.0176, 0.0395]"
1730206521090,BTC_USDT,71169.0,0.0394,71171.4,71178.3,896652612,6264115462.99376,78296.1,64060.4,68395.4,71606.3,71169.0,71169.1,96722300,2703.9,0.0001,UTC+8,"[0.0394, 0.0566, 0.0849, 0.075, 0.2515, 1.0652]","[0.0354, 0.0175, 0.0394]"
1730206524095,BTC_USDT,71155.1,0.0392,71158.1,71169.7,896687604,6264364456.95542,78286.6,64052.7,68395.4,71606.3,71155.0,71155.1,96317808,2690.0,0.0001,UTC+8,"[0.0392, 0.0564, 0.0847, 0.0748, 0.2513, 1.0648]","[0.0352, 0.0173, 0.0392]"
1730206526088,BTC_USDT,71148.3,0.0391,71158.0,71169.6,896689703,6264379386.92,78286.5,64052.6,68395.4,71606.3,71148.3,71148.4,96777942,2683.2,0.0001,UTC+8,"[0.0391, 0.0563, 0.0846, 0.0747, 0.2512, 1.0646]","[0.0351, 0.0172, 0.0391]"
1730206528086,BTC_USDT,71143.1,0.0391,71147.7,71159.3,896690908,6264387963.93262,78275.2,64043.3,68395.4,71606.3,71143.0,71143.1,96396272,2678.0,0.0001,UTC+8,"[0.0391, 0.0562, 0.0846, 0.0747, 0.2511, 1.0645]","[0.035, 0.0172, 0.0391]"
1730206530099,BTC_USDT,71145.7,0.0391,71147.7,71159.4,896702420,6264469866.69002,78275.3,64043.4,68395.4,71606.3,71145.7,71145.8,96347974,2680.6,0.0001,UTC+8,"[0.0391, 0.0562, 0.0846, 0.0747, 0.2511, 1.0645]","[0.0351, 0.0172, 0.0391]"
1730206533100,BTC_USDT,71153.0,0.0392,71147.9,71159.5,896725676,6264635325.12114,78275.4,64043.5,68395.4,71606.3,71152.9,71153.0,96812550,2687.9,0.0001,UTC+8,"[0.0392, 0.0564, 0.0847, 0.0748, 0.2513, 1.0647]","[0.0352, 0.0173, 0.0392]"
1730206535099,BTC_USDT,71162.3,0.0393,71154.5,71166.1,896729554,6264662917.49604,78282.7,64049.4,68395.4,71606.3,71162.3,71162.4,96362714,2697.2,0.0001,UTC+8,"[0.0393, 0.0565, 0.0848, 0.0749, 0.2514, 1.065]","[0.0353, 0.0174, 0.0393]"
1730206537098,BTC_USDT,71162.3,0.0393,71162.4,71166.1,896729890,6264665308.55267,78282.7,64049.4,68395.4,71606.3,71162.3,71162.4,96363488,2697.2,0.0001,UTC+8,"[0.0393, 0.0565, 0.0848, 0.0749, 0.2514, 1.065]","[0.0353, 0.0174, 0.0393]"
1730206539109,BTC_USDT,71167.1,0.0394,71167.5,71179.2,896731857,6264679308.05306,78297.1,64061.2,68395.4,71606.3,71167.0,71167.1,96366034,2702.0,0.0001,UTC+8,"[0.0394, 0.0566, 0.0849, 0.075, 0.2515, 1.0652]","[0.0354, 0.0175, 0.0394]"
1730206541095,BTC_USDT,71180.0,0.0396,71175.6,71185.0,896736709,6264713840.10434,78303.5,64066.5,68395.4,71606.3,71180.5,71180.6,96211854,2714.9,0.0001,UTC+8,"[0.0396, 0.0568, 0.0851, 0.0752, 0.2517, 1.0655]","[0.0356, 0.0177, 0.0396]"
1730206544092,BTC_USDT,71180.5,0.0396,71180.5,71185.0,896738517,6264726709.55267,78303.5,64066.5,68395.4,71606.3,71180.5,71180.6,96597720,2715.4,0.0001,UTC+8,"[0.0396, 0.0568, 0.0851, 0.0752, 0.2517, 1.0655]","[0.0356, 0.0177, 0.0396]"
1730206546088,BTC_USDT,71180.5,0.0396,71180.5,71185.0,896765860,6264921339.84169,78303.5,64066.5,68395.4,71606.3,71180.5,71180.6,96603974,2715.4,0.0001,UTC+8,"[0.0396, 0.0568, 0.0851, 0.0752, 0.2517, 1.0655]","[0.0356, 0.0177, 0.0396]"
1730206548090,BTC_USDT,71180.6,0.0396,71180.5,71185.0,896786556,6265068649.32966,78303.5,64066.5,68395.4,71606.3,71180.5,71180.6,96270104,2715.5,0.0001,UTC+8,"[0.0396, 0.0568, 0.0851, 0.0752, 0.2517, 1.0655]","[0.0356, 0.0177, 0.0396]"
1730206550090,BTC_USDT,71180.5,0.0396,71180.6,71185.0,896798889,6265156440.63351,78303.5,64066.5,68395.4,71606.3,71180.5,71180.6,96195754,2715.4,0.0001,UTC+8,"[0.0396, 0.0568, 0.0851, 0.0752, 0.2517, 1.0655]","[0.0356, 0.0177, 0.0396]"
1730206553092,BTC_USDT,71175.1,0.0395,71180.5,71185.0,896834299,6265408486.99631,78303.5,64066.5,68395.4,71606.3,71175.1,71175.2,96227572,2710.0,0.0001,UTC+8,"[0.0395, 0.0567, 0.085, 0.0751, 0.2516, 1.0654]","[0.0355, 0.0176, 0.0395]"
1730206555100,BTC_USDT,71175.2,0.0395,71175.2,71185.0,896836395,6265423405.30896,78303.5,64066.5,68395.4,71606.3,71175.1,71175.2,96689766,2710.1,0.0001,UTC+8,"[0.0395, 0.0567, 0.085, 0.0751, 0.2516, 1.0654]","[0.0355, 0.0176, 0.0395]"
1730206557091,BTC_USDT,71179.5,0.0396,71179.5,71185.0,896841560,6265460172.02372,78303.5,64066.5,68395.4,71606.3,71179.4,71179.5,96193958,2714.4,0.0001,UTC+8,"[0.0396, 0.0567, 0.0851, 0.0752, 0.2517, 1.0655]","[0.0356, 0.0177, 0.0396]"
1730206559080,BTC_USDT,71179.4,0.0396,71179.5,71185.0,896841928,6265462791.42929,78303.5,64066.5,68395.4,71606.3,71179.4,71179.5,96194866,2714.3,0.0001,UTC+8,"[0.0396, 0.0567, 0.0851, 0.0752, 0.2517, 1.0655]","[0.0356, 0.0177, 0.0396]"
1730206561081,BTC_USDT,71179.5,0.0396,71179.5,71185.0,896842312,6265465519.02549,78303.5,64066.5,68395.4,71606.3,71179.4,71179.5,96122534,2714.4,0.0001,UTC+8,"[0.0396, 0.0567, 0.0851, 0.0752, 0.2517, 1.0655]","[0.0356, 0.0177, 0.0396]"
1730206564093,BTC_USDT,71179.5,0.0396,71179.4,71185.0,896846530,6265495545.38044,78303.5,64066.5,68395.4,71606.3,71179.4,71179.5,96130372,2714.4,0.0001,UTC+8,"[0.0396, 0.0567, 0.0851, 0.0752, 0.2517, 1.0655]","[0.0356, 0.0177, 0.0396]"
1730206566102,BTC_USDT,71179.5,0.0396,71179.5,71185.0,896850481,6265523669.82373,78303.5,64066.5,68395.4,71606.3,71179.4,71179.5,96212258,2714.4,0.0001,UTC+8,"[0.0396, 0.0567, 0.0851, 0.0752, 0.2517, 1.0655]","[0.0356, 0.0177, 0.0396]"
1730206568100,BTC_USDT,71179.6,0.0396,71192.7,71203.6,896856741,6265568228.19144,78323.9,64083.2,68395.4,71606.3,71187.1,71187.2,96223538,2714.5,0.0001,UTC+8,"[0.0396, 0.0567, 0.0851, 0.0752, 0.2517, 1.0655]","[0.0356, 0.0177, 0.0396]"
1730206570097,BTC_USDT,71185.0,0.0397,71185.0,71195.9,896863669,6265617544.23759,78315.4,64076.3,68395.4,71606.3,71184.9,71185.0,96609242,2719.9,0.0001,UTC+8,"[0.0397, 0.0568, 0.0852, 0.0753, 0.2518, 1.0657]","[0.0357, 0.0178, 0.0397]"
1730206572100,BTC_USDT,71184.9,0.0397,71184.9,71195.9,896869515,6265659156.07905,78315.4,64076.3,68395.4,71606.3,71184.8,71184.9,96622758,2719.8,0.0001,UTC+8,"[0.0397, 0.0568, 0.0852, 0.0753, 0.2518, 1.0657]","[0.0357, 0.0177, 0.0397]"
1730206575090,BTC_USDT,71183.3,0.0397,71184.7,71195.7,896935186,6266126625.41932,78315.2,64076.1,68395.4,71606.3,71183.2,71183.3,96697474,2718.2,0.0001,UTC+8,"[0.0397, 0.0568, 0.0852, 0.0753, 0.2518, 1.0656]","[0.0356, 0.0177, 0.0397]"
1730206577119,BTC_USDT,71183.2,0.0397,71184.7,71195.7,896940423,6266163902.68247,78315.2,64076.1,68395.4,71606.3,71183.2,71183.3,96244702,2718.1,0.0001,UTC+8,"[0.0397, 0.0568, 0.0852, 0.0753, 0.2518, 1.0656]","[0.0356, 0.0177, 0.0397]"
1730206579092,BTC_USDT,71183.3,0.0397,71184.9,71195.8,896946068,6266204084.18797,78315.3,64076.2,68395.4,71606.3,71183.2,71183.3,96248166,2718.2,0.0001,UTC+8,"[0.0397, 0.0568, 0.0852, 0.0753, 0.2518, 1.0656]","[0.0356, 0.0177, 0.0397]"
1730206581100,BTC_USDT,71183.3,0.0397,71185.0,71195.9,896947634,6266215234.33997,78315.4,64076.3,68395.4,71606.3,71183.2,71183.3,96479596,2718.2,0.0001,UTC+8,"[0.0397, 0.0568, 0.0852, 0.0753, 0.2518, 1.0656]","[0.0356, 0.0177, 0.0397]"
1730206583099,BTC_USDT,71191.8,0.0398,71191.7,71195.9,896953237,6266255120.67723,78315.4,64076.3,68395.4,71606.3,71191.7,71191.8,96023404,2726.7,0.0001,UTC+8,"[0.0398, 0.0569, 0.0853, 0.0754, 0.2519, 1.0659]","[0.0358, 0.0178, 0.0398]"
1730206586095,BTC_USDT,71179.1,0.0396,71191.8,71190.0,896959323,6266298444.51228,78309.0,64071.0,68395.4,71606.3,71179.0,71179.1,96106788,2714.0,0.0001,UTC+8,"[0.0396, 0.0567, 0.0851, 0.0752, 0.2517, 1.0655]","[0.0356, 0.0177, 0.0396]"
1730206588096,BTC_USDT,71178.6,0.0396,71179.1,71189.9,896995860,6266558508.12767,78308.8,64070.9,68395.4,71606.3,71178.5,71178.6,96120912,2713.5,0.0001,UTC+8,"[0.0396, 0.0567, 0.0851, 0.0752, 0.2517, 1.0655]","[0.0356, 0.0177, 0.0396]"
1730206590104,BTC_USDT,71178.6,0.0396,71179.1,71189.9,897001083,6266595686.13389,78308.8,64070.9,68395.4,71606.3,71178.5,71178.6,96586914,2713.5,0.0001,UTC+8,"[0.0396, 0.0567, 0.0851, 0.0752, 0.2517, 1.0655]","[0.0356, 0.0177, 0.0396]"
1730206592098,BTC_USDT,71178.6,0.0396,71179.2,71190.0,897001105,6266595845.57388,78309.0,64071.0,68395.4,71606.3,71178.5,71178.6,96129954,2713.5,0.0001,UTC+8,"[0.0396, 0.0567, 0.0851, 0.0752, 0.2517, 1.0655]","[0.0356, 0.0177, 0.0396]"
1730206595100,BTC_USDT,71178.5,0.0396,71179.2,71190.0,897002675,6266607017.7513,78309.0,64071.0,68395.4,71606.3,71178.5,71178.6,96554550,2713.4,0.0001,UTC+8,"[0.0396, 0.0567, 0.0851, 0.0752, 0.2517, 1.0655]","[0.0356, 0.0177, 0.0396]"
1730206597089,BTC_USDT,71178.6,0.0396,71178.6,71185.1,897002724,6266607365.10256,78303.6,64066.5,68395.4,71606.3,71171.8,71171.9,96169972,2713.5,0.0001,UTC+8,"[0.0396, 0.0567, 0.0851, 0.0752, 0.2517, 1.0655]","[0.0356, 0.0177, 0.0396]"
1730206599089,BTC_USDT,71171.9,0.0395,71174.0,71184.8,897002878,6266608463.99654,78303.2,64066.3,68395.4,71606.3,71171.3,71171.4,96170030,2706.8,0.0001,UTC+8,"[0.0395, 0.0566, 0.085, 0.0751, 0.2516, 1.0653]","[0.0355, 0.0176, 0.0395]"
1730206601101,BTC_USDT,71171.3,0.0395,71173.9,71184.8,897004670,6266621217.89415,78303.2,64066.3,68395.4,71606.3,71171.3,71171.4,96174414,2706.2,0.0001,UTC+8,"[0.0395, 0.0566, 0.085, 0.0751, 0.2516, 1.0653]","[0.0355, 0.0176, 0.0395]"
1730206603088,BTC_USDT,71164.4,0.0394,71171.3,71179.8,897035159,6266838191.93661,78297.7,64061.8,68395.4,71606.3,71164.4,71164.5,96634800,2699.3,0.0001,UTC+8,"[0.0394, 0.0565, 0.0849, 0.075, 0.2515, 1.0651]","[0.0354, 0.0175, 0.0394]"
1730206606093,BTC_USDT,71161.4,0.0393,71164.4,71172.2,897061876,6267028326.11407,78289.4,64054.9,68395.4,71606.3,71160.0,71160.1,96693268,2696.3,0.0001,UTC+8,"[0.0393, 0.0565, 0.0848, 0.0749, 0.2514, 1.065]","[0.0353, 0.0174, 0.0393]"
1730206608124,BTC_USDT,71160.0,0.0393,71161.0,71171.9,897064777,6267048968.22346,78289.0,64054.7,68395.4,71606.3,71153.7,71153.8,96240572,2694.9,0.0001,UTC+8,"[0.0393, 0.0565, 0.0848, 0.0749, 0.2514, 1.0649]","[0.0353, 0.0174, 0.0393]"
1730206610094,BTC_USDT,71150.3,0.0392,71156.9,71167.8,897075697,6267126665.42445,78284.5,64051.0,68395.4,71606.3,71150.3,71150.4,96252182,2685.2,0.0001,UTC+8,"[0.0392, 0.0563, 0.0847, 0.0748, 0.2512, 1.0647]","[0.0351, 0.0173, 0.0392]"
1730206612095,BTC_USDT,71150.3,0.0392,71156.8,71167.8,897090540,6267232269.54625,78284.5,64051.0,68395.4,71606.3,71150.3,71150.4,96252966,2685.2,0.0001,UTC+8,"[0.0392, 0.0563, 0.0847, 0.0748, 0.2512, 1.0647]","[0.0351, 0.0173, 0.0392]"
1730206614121,BTC_USDT,71150.4,0.0392,71153.9,71164.9,897092216,6267244200.02867,78281.3,64048.4,68395.4,71606.3,71150.3,71150.4,96252980,2685.3,0.0001,UTC+8,"[0.0392, 0.0563, 0.0847, 0.0748, 0.2512, 1.0647]","[0.0352, 0.0173, 0.0392]"
1730206617094,BTC_USDT,71150.4,0.0392,71153.9,71164.9,897093785,6267255362.10292,78281.3,64048.4,68395.4,71606.3,71150.3,71150.4,96712892,2685.3,0.0001,UTC+8,"[0.0392, 0.0563, 0.0847, 0.0748, 0.2512, 1.0647]","[0.0352, 0.0173, 0.0392]"
1730206619099,BTC_USDT,71150.3,0.0392,71153.9,71164.9,897094292,6267258970.85088,78281.3,64048.4,68395.4,71606.3,71150.3,71150.4,96713290,2685.2,0.0001,UTC+8,"[0.0392, 0.0563, 0.0847, 0.0748, 0.2512, 1.0647]","[0.0351, 0.0173, 0.0392]"
1730206621092,BTC_USDT,71150.3,0.0392,71153.9,71164.9,897094756,6267262266.53427,78281.3,64048.4,68395.4,71606.3,71150.3,71150.4,96639848,2685.2,0.0001,UTC+8,"[0.0392, 0.0563, 0.0847, 0.0748, 0.2512, 1.0647]","[0.0351, 0.0173, 0.0392]"
1730206623094,BTC_USDT,71159.5,0.0393,71154.1,71165.1,897117736,6267425788.68786,78281.6,64048.5,68395.4,71606.3,71159.4,71159.5,96261218,2694.4,0.0001,UTC+8,"[0.0393, 0.0564, 0.0848, 0.0749, 0.2514, 1.0649]","[0.0353, 0.0174, 0.0393]"
1730206626096,BTC_USDT,71153.1,0.0392,71153.9,71164.9,897122958,6267462950.87041,78281.3,64048.4,68395.4,71606.3,71153.0,71153.1,96649576,2688.0,0.0001,UTC+8,"[0.0392, 0.0564, 0.0847, 0.0748, 0.2513, 1.0647]","[0.0352, 0.0173, 0.0392]"
1730206628089,BTC_USDT,71153.0,0.0392,71153.9,71164.9,897123376,6267465922.22368,78281.3,64048.4,68395.4,71606.3,71153.0,71153.1,96192876,2687.9,0.0001,UTC+8,"[0.0392, 0.0564, 0.0847, 0.0748, 0.2513, 1.0647]","[0.0352, 0.0173, 0.0392]"
1730206630095,BTC_USDT,71153.0,0.0392,71153.9,71164.9,897124355,6267472889.52551,78281.3,64048.4,68395.4,71606.3,71153.0,71153.1,96267616,2687.9,0.0001,UTC+8,"[0.0392, 0.0564, 0.0847, 0.0748, 0.2513, 1.0647]","[0.0352, 0.0173, 0.0392]"
1730206632101,BTC_USDT,71153.0,0.0392,71154.0,71165.0,897124393,6267473162.75305,78281.5,64048.5,68395.4,71606.3,71153.0,71153.1,96267616,2687.9,0.0001,UTC+8,"[0.0392, 0.0564, 0.0847, 0.0748, 0.2513, 1.0647]","[0.0352, 0.0173, 0.0392]"
1730206634100,BTC_USDT,71153.1,0.0392,71154.1,71165.0,897124547,6267474255.6646,78281.5,64048.5,68395.4,71606.3,71153.0,71153.1,96267958,2688.0,0.0001,UTC+8,"[0.0392, 0.0564, 0.0847, 0.0748, 0.2513, 1.0647]","[0.0352, 0.0173, 0.0392]"
1730206637099,BTC_USDT,71153.0,0.0392,71154.1,71165.0,897134784,6267547099.36136,78281.5,64048.5,68395.4,71606.3,71153.0,71153.1,96221168,2687.9,0.0001,UTC+8,"[0.0392, 0.0564, 0.0847, 0.0748, 0.2513, 1.0647]","[0.0352, 0.0173, 0.0392]"
1730206639114,BTC_USDT,71153.1,0.0392,71154.1,71165.0,897136161,6267556895.71711,78281.5,64048.5,68395.4,71606.3,71153.0,71153.1,96680814,2688.0,0.0001,UTC+8,"[0.0392, 0.0564, 0.0847, 0.0748, 0.2513, 1.0647]","[0.0352, 0.0173, 0.0392]"
1730206641098,BTC_USDT,71153.0,0.0392,71154.1,71165.0,897141050,6267591681.01439,78281.5,64048.5,68395.4,71606.3,71153.0,71153.1,96303702,2687.9,0.0001,UTC+8,"[0.0392, 0.0564, 0.0847, 0.0748, 0.2513, 1.0647]","[0.0352, 0.0173, 0.0392]"
1730206643099,BTC_USDT,71137.0,0.039,71146.7,71157.6,897219508,6268149904.93989,78273.3,64041.8,68395.4,71606.3,71137.0,71137.1,96603110,2671.9,0.0001,UTC+8,"[0.039, 0.0561, 0.0845, 0.0746, 0.251, 1.0643]","[0.035, 0.0171, 0.039]"
1730206646096,BTC_USDT,71137.0,0.039,71141.0,71151.9,897225152,6268190060.37616,78267.0,64036.7,68395.4,71606.3,71137.0,71137.1,96146430,2671.9,0.0001,UTC+8,"[0.039, 0.0561, 0.0845, 0.0746, 0.251, 1.0643]","[0.035, 0.0171, 0.039]"
1730206648099,BTC_USDT,71128.4,0.0389,71136.8,71147.8,897231659,6268236342.26,78262.5,64033.0,68395.4,71606.3,71128.3,71128.4,96605474,2663.3,0.0001,UTC+8,"[0.0389, 0.056, 0.0843, 0.0744, 0.2508, 1.064]","[0.0348, 0.0169, 0.0389]"
1730206650097,BTC_USDT,71133.7,0.0389,71136.8,71147.8,897234962,6268259838.86902,78262.5,64033.0,68395.4,71606.3,71133.7,71133.8,96606724,2668.6,0.0001,UTC+8,"[0.0389, 0.0561, 0.0844, 0.0745, 0.2509, 1.0642]","[0.0349, 0.017, 0.0389]"
1730206652092,BTC_USDT,71137.0,0.039,71136.9,71147.9,897236693,6268272153.93752,78262.6,64033.1,68395.4,71606.3,71137.0,71137.1,96153670,2671.9,0.0001,UTC+8,"[0.039, 0.0561, 0.0845, 0.0746, 0.251, 1.0643]","[0.035, 0.0171, 0.039]"
1730206654091,BTC_USDT,71137.0,0.039,71137.2,71148.2,897240280,6268297672.20308,78263.0,64033.3,68395.4,71606.3,71137.0,71137.1,96234066,2671.9,0.0001,UTC+8,"[0.039, 0.0561, 0.0845, 0.0746, 0.251, 1.0643]","[0.035, 0.0171, 0.039]"
1730206657095,BTC_USDT,71137.1,0.039,71137.2,71148.2,897242528,6268313658.13207,78263.0,64033.3,68395.4,71606.3,71137.0,71137.1,96618740,2672.0,0.0001,UTC+8,"[0.039, 0.0561, 0.0845, 0.0746, 0.251, 1.0643]","[0.035, 0.0171, 0.039]"
1730206659090,BTC_USDT,71126.9,0.0388,71136.6,71147.5,897244155,6268325232.99897,78262.2,64032.7,68395.4,71606.3,71126.8,71126.9,96236278,2661.8,0.0001,UTC+8,"[0.0388, 0.056, 0.0843, 0.0744, 0.2508, 1.064]","[0.0348, 0.0169, 0.0388]"
1730206661096,BTC_USDT,71126.8,0.0388,71130.9,71141.9,897264288,6268468431.16288,78256.0,64027.7,68395.4,71606.3,71126.8,71126.9,96669876,2661.7,0.0001,UTC+8,"[0.0388, 0.056, 0.0843, 0.0744, 0.2508, 1.064]","[0.0348, 0.0169, 0.0388]"
1730206663095,BTC_USDT,71126.8,0.0388,71130.7,71141.8,897264786,6268471976.12641,78255.9,64027.6,68395.4,71606.3,71123.5,71123.6,96670730,2661.7,0.0001,UTC+8,"[0.0388, 0.056, 0.0843, 0.0744, 0.2508, 1.064]","[0.0348, 0.0169, 0.0388]"
1730206666086,BTC_USDT,71123.5,0.0388,71126.8,71137.9,897265092,6268474149.66356,78251.6,64024.1,68395.4,71606.3,71123.5,71123.6,96286144,2658.4,0.0001,UTC+8,"[0.0388, 0.0559, 0.0843, 0.0744, 0.2507, 1.0639]","[0.0348, 0.0169, 0.0388]"
1730206668104,BTC_USDT,71123.6,0.0388,71126.8,71137.9,897267836,6268493665.96998,78251.6,64024.1,68395.4,71606.3,71123.5,71123.6,96220618,2658.5,0.0001,UTC+8,"[0.0388, 0.0559, 0.0843, 0.0744, 0.2507, 1.0639]","[0.0348, 0.0169, 0.0388]"
1730206670096,BTC_USDT,71130.0,0.0389,71127.9,71138.1,897287837,6268635936.80572,78251.9,64024.2,68395.4,71606.3,71129.9,71130.0,96221156,2664.9,0.0001,UTC+8,"[0.0389, 0.056, 0.0844, 0.0745, 0.2508, 1.0641]","[0.0349, 0.017, 0.0389]"
1730206672097,BTC_USDT,71130.0,0.0389,71129.9,71138.2,897287912,6268636466.01223,78252.0,64024.3,68395.4,71606.3,71129.9,71130.0,96221314,2664.9,0.0001,UTC+8,"[0.0389, 0.056, 0.0844, 0.0745, 0.2508, 1.0641]","[0.0349, 0.017, 0.0389]"
1730206674093,BTC_USDT,71130.7,0.0389,71129.9,71138.2,897289280,6268646196.58847,78252.0,64024.3,68395.4,71606.3,71130.6,71130.7,96293624,2665.6,0.0001,UTC+8,"[0.0389, 0.056, 0.0844, 0.0745, 0.2509, 1.0641]","[0.0349, 0.017, 0.0389]"
1730206677102,BTC_USDT,71130.6,0.0389,71130.7,71138.2,897291759,6268663831.30419,78252.0,64024.3,68395.4,71606.3,71130.6,71130.7,96137466,2665.5,0.0001,UTC+8,"[0.0389, 0.056, 0.0844, 0.0745, 0.2509, 1.0641]","[0.0349, 0.017, 0.0389]"
1730206679104,BTC_USDT,71130.0,0.0389,71130.6,71138.1,897292687,6268670432.2034,78251.9,64024.2,68395.4,71606.3,71127.0,71127.1,96139392,2664.9,0.0001,UTC+8,"[0.0389, 0.056, 0.0844, 0.0745, 0.2508, 1.0641]","[0.0349, 0.017, 0.0389]"
1730206681096,BTC_USDT,71123.2,0.0388,71126.5,71137.6,897312050,6268808150.38015,78251.3,64023.8,68395.4,71606.3,71123.1,71123.2,96188876,2658.1,0.0001,UTC+8,"[0.0388, 0.0559, 0.0843, 0.0743, 0.2507, 1.0639]","[0.0348, 0.0169, 0.0388]"
1730206683080,BTC_USDT,71120.1,0.0387,71124.4,71135.5,897316813,6268842026.63571,78249.0,64021.9,68395.4,71606.3,71113.6,71113.7,96653208,2655.0,0.0001,UTC+8,"[0.0387, 0.0559, 0.0842, 0.0743, 0.2507, 1.0638]","[0.0347, 0.0168, 0.0387]"
1730206686098,BTC_USDT,71112.1,0.0386,71116.7,71127.8,897335676,6268976169.64303,78240.5,64015.0,68395.4,71606.3,71112.0,71112.1,96197134,2647.0,0.0001,UTC+8,"[0.0386, 0.0557, 0.0841, 0.0742, 0.2505, 1.0636]","[0.0346, 0.0167, 0.0386]"
1730206688101,BTC_USDT,71112.1,0.0386,71115.7,71126.8,897335736,6268976590.62658,78239.4,64014.1,68395.4,71606.3,71112.0,71112.1,96654236,2647.0,0.0001,UTC+8,"[0.0386, 0.0557, 0.0841, 0.0742, 0.2505, 1.0636]","[0.0346, 0.0167, 0.0386]"
1730206690093,BTC_USDT,71109.1,0.0386,71115.3,71126.4,897359385,6269144760.85105,78239.0,64013.7,68395.4,71606.3,71109.0,71109.1,96655370,2644.0,0.0001,UTC+8,"[0.0386, 0.0557, 0.084, 0.0741, 0.2505, 1.0635]","[0.0346, 0.0167, 0.0386]"
1730206692098,BTC_USDT,71105.2,0.0385,71112.6,71123.7,897422765,6269595449.52414,78236.0,64011.3,68395.4,71606.3,71104.1,71104.2,96429122,2640.1,0.0001,UTC+8,"[0.0385, 0.0556, 0.084, 0.0741, 0.2504, 1.0634]","[0.0345, 0.0166, 0.0385]"
1730206694098,BTC_USDT,71103.9,0.0385,71109.6,71120.7,897434728,6269680506.86033,78232.7,64008.6,68395.4,71606.3,71103.9,71104.0,96360836,2638.8,0.0001,UTC+8,"[0.0385, 0.0556, 0.084, 0.0741, 0.2504, 1.0633]","[0.0345, 0.0166, 0.0385]"
1730206697086,BTC_USDT,71107.0,0.0385,71106.9,71110.7,897437967,6269703539.08225,78221.7,63999.6,68395.4,71606.3,71106.9,71107.0,96749504,2641.9,0.0001,UTC+8,"[0.0385, 0.0557, 0.084, 0.0741, 0.2504, 1.0634]","[0.0345, 0.0166, 0.0385]"
1730206699098,BTC_USDT,71104.0,0.0385,71106.9,71110.7,897445458,6269756806.63181,78221.7,63999.6,68395.4,71606.3,71102.5,71102.6,96381514,2638.9,0.0001,UTC+8,"[0.0385, 0.0556, 0.084, 0.0741, 0.2504, 1.0633]","[0.0345, 0.0166, 0.0385]"
1730206701089,BTC_USDT,71100.2,0.0384,71100.2,71110.6,897449791,6269787613.60224,78221.6,63999.5,68395.4,71606.3,71100.0,71100.1,96776934,2635.1,0.0001,UTC+8,"[0.0384, 0.0556, 0.0839, 0.074, 0.2503, 1.0632]","[0.0344, 0.0165, 0.0384]"
1730206703088,BTC_USDT,71093.1,0.0383,71100.1,71110.5,897459523,6269856806.37547,78221.5,63999.4,68395.4,71606.3,71093.0,71093.1,96783566,2628.0,0.0001,UTC+8,"[0.0383, 0.0555, 0.0838, 0.0739, 0.2502, 1.063]","[0.0343, 0.0164, 0.0383]"
1730206706103,BTC_USDT,71090.1,0.0383,71091.2,71102.1,897577701,6270696939.72766,78212.3,63991.8,68395.4,71606.3,71090.0,71090.1,96405250,2625.0,0.0001,UTC+8,"[0.0383, 0.0554, 0.0837, 0.0738, 0.2501, 1.0629]","[0.0343, 0.0164, 0.0383]"
1730206708101,BTC_USDT,71090.0,0.0383,71091.2,71102.1,897590100,6270785085.73632,78212.3,63991.8,68395.4,71606.3,71090.0,71090.1,96417400,2624.9,0.0001,UTC+8,"[0.0383, 0.0554, 0.0837, 0.0738, 0.2501, 1.0629]","[0.0343, 0.0164, 0.0383]"
