timestamp,symbol,lastPrice,riseFallRate,fairPrice,indexPrice,volume24,amount24,maxBidPrice,minAskPrice,lower24Price,high24Price,bid1,ask1,holdVol,riseFallValue,fundingRate,zone,riseFallRates,riseFallRatesOfTimezone
1728737011101,BTC_USDT,62855,0.0102,62855.0,62884.4,606881645,3786974639.36648,69172.8,56595.9,61091.7,63399.8,62854.9,62855,68214621,636.9,3e-05,UTC+8,"[0.0102, 0.0163, 0.109, 0.0688, -0.0203, 1.3571]","[0.028, 0.0055, 0.0102]"
1728737013098,BTC_USDT,62855,0.0102,62855.0,62884.4,606882102,3786977514.98241,69172.8,56595.9,61091.7,63399.8,62854.9,62855,68216862,636.9,3e-05,UTC+8,"[0.0102, 0.0163, 0.109, 0.0688, -0.0203, 1.3571]","[0.028, 0.0055, 0.0102]"
timestamp,symbol,lastPrice,riseFallRate,fairPrice,indexPrice,volume24,amount24,maxBidPrice,minAskPrice,lower24Price,high24Price,bid1,ask1,holdVol,riseFallValue,fundingRate,zone,riseFallRates,riseFallRatesOfTimezone
1728737015095,BTC_USDT,62855,0.0102,62854.9,62884.4,606882121,3786977632.83536,69172.8,56595.9,61091.7,63399.8,62854.9,62855,68215222,636.9,3e-05,UTC+8,"[0.0102, 0.0163, 0.109, 0.0688, -0.0203, 1.3571]","[0.028, 0.0055, 0.0102]"
1728737017099,BTC_USDT,62855.0,0.0102,62855.0,62884.7,606883449,3786985976.83532,69173.1,56596.2,61091.7,63399.8,62857.1,62857.2,68215236,636.9,3e-05,UTC+8,"[0.0102, 0.0163, 0.109, 0.0688, -0.0203, 1.3571]","[0.028, 0.0055, 0.0102]"
1728737020098,BTC_USDT,62858.7,0.0102,62858.7,62888.3,606894402,3787054830.06509,69177.1,56599.4,61091.7,63399.8,62858.6,62858.7,68216911,640.6,3e-05,UTC+8,"[0.0102, 0.0164, 0.109, 0.0688, -0.0203, 1.3573]","[0.0281, 0.0055, 0.0102]"
1728737022097,BTC_USDT,62858.7,0.0102,62858.6,62888.3,606895236,3787060067.76611,69177.1,56599.4,61091.7,63399.8,62859.9,62860.0,68217567,640.6,3e-05,UTC+8,"[0.0102, 0.0164, 0.109, 0.0688, -0.0203, 1.3573]","[0.0281, 0.0055, 0.0102]"
1728737024103,BTC_USDT,62861.1,0.0103,62860.0,62888.3,606911428,3787161855.48553,69177.1,56599.4,61091.7,63399.8,62861.3,62861.4,68250180,643.0,3e-05,UTC+8,"[0.0103, 0.0164, 0.1091, 0.0689, -0.0202, 1.3574]","[0.0281, 0.0056, 0.0103]"
1728737026106,BTC_USDT,62861.6,0.0103,62861.3,62889.9,606914439,3787180784.67825,69178.8,56600.9,61091.7,63399.8,62861.5,62861.6,68255709,643.5,3e-05,UTC+8,"[0.0103, 0.0164, 0.1091, 0.0689, -0.0202, 1.3574]","[0.0281, 0.0056, 0.0103]"
1728737029098,BTC_USDT,62861.5,0.0103,62861.6,62889.9,606917982,3787203051.82693,69178.8,56600.9,61091.7,63399.8,62861.5,62861.6,68260047,643.4,3e-05,UTC+8,"[0.0103, 0.0164, 0.1091, 0.0689, -0.0202, 1.3574]","[0.0281, 0.0056, 0.0103]"
1728737031099,BTC_USDT,62861.5,0.0103,62861.5,62889.9,606934715,3787308239.61891,69178.8,56600.9,61091.7,63399.8,62861.5,62861.6,68291139,643.4,3e-05,UTC+8,"[0.0103, 0.0164, 0.1091, 0.0689, -0.0202, 1.3574]","[0.0281, 0.0056, 0.0103]"
1728737033101,BTC_USDT,62861.5,0.0103,62861.5,62889.9,606935346,3787312204.61429,69178.8,56600.9,61091.7,63399.8,62861.5,62861.6,68289823,643.4,3e-05,UTC+8,"[0.0103, 0.0164, 0.1091, 0.0689, -0.0202, 1.3574]","[0.0281, 0.0056, 0.0103]"
1728737035102,BTC_USDT,62858.7,0.0102,62861.5,62889.9,606941588,3787351443.95686,69178.8,56600.9,61091.7,63399.8,62856.5,62857.4,68302825,640.6,3e-05,UTC+8,"[0.0102, 0.0164, 0.109, 0.0688, -0.0203, 1.3573]","[0.0281, 0.0055, 0.0102]"
1728737037100,BTC_USDT,62849.1,0.0101,62854.8,62887.7,606948879,3787397270.37939,69176.4,56598.9,61091.7,63399.8,62849.1,62849.2,68301904,631.0,3e-05,UTC+8,"[0.0101, 0.0162, 0.1089, 0.0687, -0.0204, 1.3569]","[0.0279, 0.0054, 0.0101]"
1728737040095,BTC_USDT,62849.1,0.0101,62854.9,62887.8,606950378,3787406688.33192,69176.5,56599.0,61091.7,63399.8,62856.2,62856.3,68306592,631.0,3e-05,UTC+8,"[0.0101, 0.0162, 0.1089, 0.0687, -0.0204, 1.3569]","[0.0279, 0.0054, 0.0101]"
1728737042088,BTC_USDT,62856.3,0.0102,62856.3,62888.1,606950827,3787409512.15107,69176.9,56599.2,61091.7,63399.8,62856.2,62856.3,68215033,638.2,2.9e-05,UTC+8,"[0.0102, 0.0163, 0.109, 0.0688, -0.0203, 1.3572]","[0.028, 0.0055, 0.0102]"
1728737044090,BTC_USDT,62856.2,0.0102,62856.2,62888.1,606950842,3787409606.43546,69176.9,56599.2,61091.7,63399.8,62856.2,62856.3,68215042,638.1,2.9e-05,UTC+8,"[0.0102, 0.0163, 0.109, 0.0688, -0.0203, 1.3572]","[0.028, 0.0055, 0.0102]"
1728737046091,BTC_USDT,62856.2,0.0102,62856.2,62888.1,606954009,3787429509.88281,69176.9,56599.2,61091.7,63399.8,62856.2,62856.3,68221527,638.1,2.9e-05,UTC+8,"[0.0102, 0.0163, 0.109, 0.0688, -0.0203, 1.3572]","[0.028, 0.0055, 0.0102]"
timestamp,symbol,lastPrice,riseFallRate,fairPrice,indexPrice,volume24,amount24,maxBidPrice,minAskPrice,lower24Price,high24Price,bid1,ask1,holdVol,riseFallValue,fundingRate,zone,riseFallRates,riseFallRatesOfTimezone
1728737049094,BTC_USDT,62856.2,0.0102,62856.2,62888.1,606954282,3787431230.57391,69176.9,56599.2,61091.7,63399.8,62856.2,62856.3,68225124,638.1,2.9e-05,UTC+8,"[0.0102, 0.0163, 0.109, 0.0688, -0.0203, 1.3572]","[0.028, 0.0055, 0.0102]"
1728737051095,BTC_USDT,62856.3,0.0102,62856.3,62888.0,606954981,3787435619.51499,69176.8,56599.2,61091.7,63399.8,62856.2,62856.3,68226060,638.2,2.9e-05,UTC+8,"[0.0102, 0.0163, 0.109, 0.0688, -0.0203, 1.3572]","[0.028, 0.0055, 0.0102]"
1728737053088,BTC_USDT,62856.3,0.0102,62856.2,62888.0,606955443,3787438528.1902,69176.8,56599.2,61091.7,63399.8,62856.2,62856.3,68224385,638.2,2.9e-05,UTC+8,"[0.0102, 0.0163, 0.109, 0.0688, -0.0203, 1.3572]","[0.028, 0.0055, 0.0102]"
1728737055083,BTC_USDT,62856.3,0.0102,62856.2,62888.0,606955463,3787438650.75987,69176.8,56599.2,61091.7,63399.8,62856.2,62856.3,68224397,638.2,2.9e-05,UTC+8,"[0.0102, 0.0163, 0.109, 0.0688, -0.0203, 1.3572]","[0.028, 0.0055, 0.0102]"
1728737057091,BTC_USDT,62856.3,0.0102,62856.2,62888.0,606955473,3787438712.04471,69176.8,56599.2,61091.7,63399.8,62856.2,62856.3,68224596,638.2,2.9e-05,UTC+8,"[0.0102, 0.0163, 0.109, 0.0688, -0.0203, 1.3572]","[0.028, 0.0055, 0.0102]"
1728737060096,BTC_USDT,62856.3,0.0102,62856.2,62888.0,606955591,3787439456.89085,69176.8,56599.2,61091.7,63399.8,62856.2,62856.3,68226606,638.2,2.9e-05,UTC+8,"[0.0102, 0.0163, 0.109, 0.0688, -0.0203, 1.3572]","[0.028, 0.0055, 0.0102]"
1728737062097,BTC_USDT,62856.3,0.0102,62856.3,62888.0,606956584,3787445698.52135,69176.8,56599.2,61091.7,63399.8,62856.2,62856.3,68226606,638.2,2.9e-05,UTC+8,"[0.0102, 0.0163, 0.109, 0.0688, -0.0203, 1.3572]","[0.028, 0.0055, 0.0102]"
1728737064116,BTC_USDT,62856.3,0.0102,62856.3,62888.0,606957112,3787449017.33355,69176.8,56599.2,61091.7,63399.8,62856.2,62856.3,68226676,638.2,2.9e-05,UTC+8,"[0.0102, 0.0163, 0.109, 0.0688, -0.0203, 1.3572]","[0.028, 0.0055, 0.0102]"
1728737066099,BTC_USDT,62856.3,0.0102,62856.3,62888.0,606957630,3787452274.86122,69176.8,56599.2,61091.7,63399.8,62856.2,62856.3,68228506,638.2,2.9e-05,UTC+8,"[0.0102, 0.0163, 0.109, 0.0688, -0.0203, 1.3572]","[0.028, 0.0055, 0.0102]"
1728737069099,BTC_USDT,62856.2,0.0102,62856.2,62888.0,606957707,3787452755.71173,69176.8,56599.2,61091.7,63399.8,62856.2,62856.3,68226948,638.1,2.9e-05,UTC+8,"[0.0102, 0.0163, 0.109, 0.0688, -0.0203, 1.3572]","[0.028, 0.0055, 0.0102]"
1728737071095,BTC_USDT,62856.3,0.0102,62856.3,62888.0,606958211,3787455923.66917,69176.8,56599.2,61091.7,63399.8,62856.2,62856.3,68229527,638.2,2.9e-05,UTC+8,"[0.0102, 0.0163, 0.109, 0.0688, -0.0203, 1.3572]","[0.028, 0.0055, 0.0102]"
1728737073096,BTC_USDT,62856.2,0.0102,62856.2,62888.1,606958705,3787459030.34178,69176.9,56599.2,61091.7,63399.8,62856.2,62856.3,68228846,638.1,2.9e-05,UTC+8,"[0.0102, 0.0163, 0.109, 0.0688, -0.0203, 1.3572]","[0.028, 0.0055, 0.0102]"
timestamp,symbol,lastPrice,riseFallRate,fairPrice,indexPrice,volume24,amount24,maxBidPrice,minAskPrice,lower24Price,high24Price,bid1,ask1,holdVol,riseFallValue,fundingRate,zone,riseFallRates,riseFallRatesOfTimezone
1728737075137,BTC_USDT,62856.3,0.0102,62856.3,62888.1,606959202,3787462155.8712,69176.9,56599.2,61091.7,63399.8,62856.2,62856.3,68229833,638.2,2.9e-05,UTC+8,"[0.0102, 0.0163, 0.109, 0.0688, -0.0203, 1.3572]","[0.028, 0.0055, 0.0102]"
1728737077108,BTC_USDT,62856.3,0.0102,62856.2,62888.1,606959214,3787462226.58448,69176.9,56599.2,61091.7,63399.8,62856.2,62856.3,68229840,638.2,2.9e-05,UTC+8,"[0.0102, 0.0163, 0.109, 0.0688, -0.0203, 1.3572]","[0.028, 0.0055, 0.0102]"
1728737080093,BTC_USDT,62856.3,0.0102,62856.2,62888.1,606960903,3787472843.00468,69176.9,56599.2,61091.7,63399.8,62856.2,62856.3,68233278,638.2,2.9e-05,UTC+8,"[0.0102, 0.0163, 0.109, 0.0688, -0.0203, 1.3572]","[0.028, 0.0055, 0.0102]"
1728737082088,BTC_USDT,62856.3,0.0102,62856.3,62888.2,606962279,3787481493.59537,69177.0,56599.3,61091.7,63399.8,62856.2,62856.3,68233683,638.2,2.9e-05,UTC+8,"[0.0102, 0.0163, 0.109, 0.0688, -0.0203, 1.3572]","[0.028, 0.0055, 0.0102]"
1728737084095,BTC_USDT,62856.3,0.0102,62856.2,62888.2,606962319,3787481748.16331,69177.0,56599.3,61091.7,63399.8,62856.2,62856.3,68233727,638.2,2.9e-05,UTC+8,"[0.0102, 0.0163, 0.109, 0.0688, -0.0203, 1.3572]","[0.028, 0.0055, 0.0102]"
1728737086098,BTC_USDT,62856.3,0.0102,62856.5,62889.1,606963890,3787491619.74512,69178.0,56600.1,61091.7,63399.8,62858.9,62859.0,68233727,638.2,2.9e-05,UTC+8,"[0.0102, 0.0163, 0.109, 0.0688, -0.0203, 1.3572]","[0.028, 0.0055, 0.0102]"
1728737089105,BTC_USDT,62858.9,0.0102,62858.9,62889.8,606963912,3787491761.17771,69178.7,56600.8,61091.7,63399.8,62858.9,62859.0,68235402,640.8,2.9e-05,UTC+8,"[0.0102, 0.0164, 0.109, 0.0688, -0.0203, 1.3573]","[0.0281, 0.0055, 0.0102]"
1728737091101,BTC_USDT,62859.0,0.0103,62858.9,62889.8,606963958,3787492048.75758,69178.7,56600.8,61091.7,63399.8,62858.9,62859,68233791,640.9,2.9e-05,UTC+8,"[0.0103, 0.0164, 0.109, 0.0688, -0.0203, 1.3573]","[0.0281, 0.0055, 0.0103]"
1728737093106,BTC_USDT,62858.9,0.0102,62858.9,62889.8,606964250,3787493882.66872,69178.7,56600.8,61091.7,63399.8,62858.9,62859,68235473,640.8,2.9e-05,UTC+8,"[0.0102, 0.0164, 0.109, 0.0688, -0.0203, 1.3573]","[0.0281, 0.0055, 0.0102]"
1728737095099,BTC_USDT,62858.9,0.0102,62859.0,62889.9,606964264,3787493972.24273,69178.8,56600.9,61091.7,63399.8,62858.9,62859,68235473,640.8,2.9e-05,UTC+8,"[0.0102, 0.0164, 0.109, 0.0688, -0.0203, 1.3573]","[0.0281, 0.0055, 0.0102]"
1728737097104,BTC_USDT,62858.9,0.0102,62858.9,62889.9,606965755,3787503344.50854,69178.8,56600.9,61091.7,63399.8,62859.9,62860,68236064,640.8,2.9e-05,UTC+8,"[0.0102, 0.0164, 0.109, 0.0688, -0.0203, 1.3573]","[0.0281, 0.0055, 0.0102]"
1728737100130,BTC_USDT,62859.9,0.0103,62859.9,62889.9,606966147,3787505805.47521,69178.8,56600.9,61091.7,63399.8,62859.9,62860,68236831,641.8,2.9e-05,UTC+8,"[0.0103, 0.0164, 0.1091, 0.0688, -0.0203, 1.3573]","[0.0281, 0.0056, 0.0103]"
1728737102088,BTC_USDT,62860.0,0.0103,62860.0,62889.9,606966334,3787506984.10021,69178.8,56600.9,61091.7,63399.8,62859.9,62860,68236831,641.9,2.9e-05,UTC+8,"[0.0103, 0.0164, 0.1091, 0.0688, -0.0203, 1.3573]","[0.0281, 0.0056, 0.0103]"
1728737104100,BTC_USDT,62860.0,0.0103,62859.9,62890.0,606966444,3787507677.13143,69179.0,56601.0,61091.7,63399.8,62859.9,62860,68238687,641.9,2.9e-05,UTC+8,"[0.0103, 0.0164, 0.1091, 0.0688, -0.0203, 1.3573]","[0.0281, 0.0056, 0.0103]"
1728737106141,BTC_USDT,62860.0,0.0103,62859.9,62890.0,606966720,3787509407.35271,69179.0,56601.0,61091.7,63399.8,62859.9,62860,68237529,641.9,2.9e-05,UTC+8,"[0.0103, 0.0164, 0.1091, 0.0688, -0.0203, 1.3573]","[0.0281, 0.0056, 0.0103]"
timestamp,symbol,lastPrice,riseFallRate,fairPrice,indexPrice,volume24,amount24,maxBidPrice,minAskPrice,lower24Price,high24Price,bid1,ask1,holdVol,riseFallValue,fundingRate,zone,riseFallRates,riseFallRatesOfTimezone
1728737109104,BTC_USDT,62859.9,0.0103,62859.9,62890.0,606974698,3787559560.20352,69179.0,56601.0,61091.7,63399.8,62859.9,62860,68252929,641.8,2.9e-05,UTC+8,"[0.0103, 0.0164, 0.1091, 0.0688, -0.0203, 1.3573]","[0.0281, 0.0056, 0.0103]"
1728737111095,BTC_USDT,62860.0,0.0103,62859.9,62890.0,606975827,3787566655.52598,69179.0,56601.0,61091.7,63399.8,62859.9,62860,68254604,641.9,2.9e-05,UTC+8,"[0.0103, 0.0164, 0.1091, 0.0688, -0.0203, 1.3573]","[0.0281, 0.0056, 0.0103]"
1728737113104,BTC_USDT,62860.0,0.0103,62860.0,62890.0,606976344,3787569908.53038,69179.0,56601.0,61091.7,63399.8,62859.9,62860,68254606,641.9,2.9e-05,UTC+8,"[0.0103, 0.0164, 0.1091, 0.0688, -0.0203, 1.3573]","[0.0281, 0.0056, 0.0103]"
1728737115101,BTC_USDT,62870.3,0.0104,62865.5,62895.2,606979523,3787589891.25037,69184.7,56605.6,61091.7,63399.8,62870.9,62871,68253841,652.2,2.9e-05,UTC+8,"[0.0104, 0.0166, 0.1092, 0.069, -0.0201, 1.3577]","[0.0283, 0.0057, 0.0104]"
1728737117104,BTC_USDT,62880.0,0.0106,62881.1,62913.4,606985551,3787627790.463,69204.7,56622.0,61091.7,63399.8,62881.4,62881.5,68258145,661.9,2.9e-05,UTC+8,"[0.0106, 0.0167, 0.1094, 0.0692, -0.0199, 1.3581]","[0.0284, 0.0059, 0.0106]"
1728737120095,BTC_USDT,62881.5,0.0106,62881.5,62913.5,607002101,3787731860.99979,69204.8,56622.1,61091.7,63399.8,62881.5,62881.6,68259730,663.4,2.9e-05,UTC+8,"[0.0106, 0.0168, 0.1094, 0.0692, -0.0199, 1.3581]","[0.0284, 0.0059, 0.0106]"
1728737122107,BTC_USDT,62883.5,0.0106,62881.6,62913.6,607003104,3787738171.17115,69204.9,56622.2,61091.7,63399.8,62883.4,62883.5,68228612,665.4,2.9e-05,UTC+8,"[0.0106, 0.0168, 0.1095, 0.0692, -0.0199, 1.3582]","[0.0285, 0.0059, 0.0106]"
1728737124107,BTC_USDT,62883.5,0.0106,62883.5,62913.7,607003119,3787738265.49631,69205.0,56622.3,61091.7,63399.8,62883.4,62883.5,68226937,665.4,2.9e-05,UTC+8,"[0.0106, 0.0168, 0.1095, 0.0692, -0.0199, 1.3582]","[0.0285, 0.0059, 0.0106]"
1728737126103,BTC_USDT,62883.5,0.0106,62883.4,62913.7,607013871,3787805873.11909,69205.0,56622.3,61091.7,63399.8,62883.4,62883.5,68234606,665.4,2.9e-05,UTC+8,"[0.0106, 0.0168, 0.1095, 0.0692, -0.0199, 1.3582]","[0.0285, 0.0059, 0.0106]"
1728737129098,BTC_USDT,62883.5,0.0106,62883.5,62913.8,607045557,3788005130.19942,69205.1,56622.4,61091.7,63399.8,62883.4,62883.5,68233055,665.4,2.9e-05,UTC+8,"[0.0106, 0.0168, 0.1095, 0.0692, -0.0199, 1.3582]","[0.0285, 0.0059, 0.0106]"
1728737131106,BTC_USDT,62883.4,0.0106,62883.4,62913.8,607048392,3788022957.6654,69205.1,56622.4,61091.7,63399.8,62883.4,62883.5,68234084,665.3,2.9e-05,UTC+8,"[0.0106, 0.0168, 0.1095, 0.0692, -0.0199, 1.3582]","[0.0285, 0.0059, 0.0106]"
1728737133104,BTC_USDT,62883.5,0.0106,62883.5,62913.8,607048573,3788024094.28407,69205.1,56622.4,61091.7,63399.8,62883.4,62883.5,68235849,665.4,2.9e-05,UTC+8,"[0.0106, 0.0168, 0.1095, 0.0692, -0.0199, 1.3582]","[0.0285, 0.0059, 0.0106]"
timestamp,symbol,lastPrice,riseFallRate,fairPrice,indexPrice,volume24,amount24,maxBidPrice,minAskPrice,lower24Price,high24Price,bid1,ask1,holdVol,riseFallValue,fundingRate,zone,riseFallRates,riseFallRatesOfTimezone
1728737135102,BTC_USDT,62883.4,0.0106,62883.5,62913.9,607049232,3788028235.16233,69205.2,56622.5,61091.7,63399.8,62883.4,62883.5,68235849,665.3,2.9e-05,UTC+8,"[0.0106, 0.0168, 0.1095, 0.0692, -0.0199, 1.3582]","[0.0285, 0.0059, 0.0106]"
1728737137105,BTC_USDT,62883.5,0.0106,62883.5,62913.9,607049403,3788029310.47014,69205.2,56622.5,61091.7,63399.8,62883.4,62883.5,68235608,665.4,2.9e-05,UTC+8,"[0.0106, 0.0168, 0.1095, 0.0692, -0.0199, 1.3582]","[0.0285, 0.0059, 0.0106]"
1728737140102,BTC_USDT,62883.4,0.0106,62883.5,62914.2,607058064,3788083778.58422,69205.6,56622.7,61091.7,63399.8,62883.4,62883.5,68192934,665.3,2.9e-05,UTC+8,"[0.0106, 0.0168, 0.1095, 0.0692, -0.0199, 1.3582]","[0.0285, 0.0059, 0.0106]"
1728737142100,BTC_USDT,62883.5,0.0106,62883.5,62914.1,607059890,3788095257.96709,69205.5,56622.6,61091.7,63399.8,62883.4,62883.5,68193412,665.4,2.9e-05,UTC+8,"[0.0106, 0.0168, 0.1095, 0.0692, -0.0199, 1.3582]","[0.0285, 0.0059, 0.0106]"
1728737144107,BTC_USDT,62883.4,0.0106,62883.4,62914.1,607061580,3788105888.41545,69205.5,56622.6,61091.7,63399.8,62883.4,62883.5,68190500,665.3,2.9e-05,UTC+8,"[0.0106, 0.0168, 0.1095, 0.0692, -0.0199, 1.3582]","[0.0285, 0.0059, 0.0106]"
1728737146102,BTC_USDT,62885.0,0.0107,62887.0,62916.5,607080507,3788224908.47702,69208.1,56624.8,61091.7,63399.8,62887.4,62887.5,68200737,666.9,2.9e-05,UTC+8,"[0.0107, 0.0168, 0.1095, 0.0693, -0.0199, 1.3583]","[0.0285, 0.006, 0.0107]"
1728737149106,BTC_USDT,62893.0,0.0108,62890.0,62920.4,607094562,3788313298.6568,69212.4,56628.3,61091.7,63399.8,62893.3,62893.4,68208956,674.9,2.9e-05,UTC+8,"[0.0108, 0.0169, 0.1096, 0.0694, -0.0197, 1.3586]","[0.0286, 0.0061, 0.0108]"
1728737151101,BTC_USDT,62893.4,0.0108,62893.4,62923.6,607106374,3788387586.76843,69215.9,56631.2,61091.7,63399.8,62893.3,62893.4,68216405,675.3,2.9e-05,UTC+8,"[0.0108, 0.0169, 0.1096, 0.0694, -0.0197, 1.3586]","[0.0286, 0.0061, 0.0108]"
1728737153103,BTC_USDT,62894.0,0.0108,62893.6,62924.2,607109474,3788407082.1486,69216.6,56631.7,61091.7,63399.8,62893.9,62894.0,68221973,675.9,2.9e-05,UTC+8,"[0.0108, 0.017, 0.1097, 0.0694, -0.0197, 1.3586]","[0.0286, 0.0061, 0.0108]"
1728737155095,BTC_USDT,62894.4,0.0108,62894.0,62925.8,607113996,3788435526.11746,69218.3,56633.2,61091.7,63399.8,62894.3,62894.4,68224502,676.3,2.9e-05,UTC+8,"[0.0108, 0.017, 0.1097, 0.0694, -0.0197, 1.3586]","[0.0286, 0.0061, 0.0108]"
1728737157105,BTC_USDT,62897.7,0.0109,62894.4,62926.2,607190124,3788914348.88499,69218.8,56633.5,61091.7,63399.8,62897.6,62897.7,68225394,679.6,2.9e-05,UTC+8,"[0.0109, 0.017, 0.1097, 0.0695, -0.0197, 1.3587]","[0.0287, 0.0062, 0.0109]"
1728737160094,BTC_USDT,62900.8,0.0109,62907.4,62939.6,607195383,3788947428.12857,69233.5,56645.6,61091.7,63399.8,62911.3,62911.4,68163085,682.7,2.9e-05,UTC+8,"[0.0109, 0.0171, 0.1098, 0.0695, -0.0196, 1.3589]","[0.0287, 0.0062, 0.0109]"
1728737162095,BTC_USDT,62898.8,0.0109,62911.3,62939.1,607215717,3789075334.00773,69233.0,56645.1,61091.7,63399.8,62898.8,62898.9,68191517,680.7,2.9e-05,UTC+8,"[0.0109, 0.017, 0.1097, 0.0695, -0.0197, 1.3588]","[0.0287, 0.0062, 0.0109]"
1728737164101,BTC_USDT,62894.4,0.0108,62901.3,62933.5,607217777,3789088292.73809,69226.8,56640.1,61091.7,63399.8,62891.1,62891.2,68195612,676.3,2.9e-05,UTC+8,"[0.0108, 0.017, 0.1097, 0.0694, -0.0197, 1.3586]","[0.0286, 0.0061, 0.0108]"
1728737166098,BTC_USDT,62884.2,0.0107,62889.5,62921.7,607240239,3789229547.25576,69213.8,56629.5,61091.7,63399.8,62884.1,62884.2,68220372,666.1,2.9e-05,UTC+8,"[0.0107, 0.0168, 0.1095, 0.0693, -0.0199, 1.3582]","[0.0285, 0.006, 0.0107]"
timestamp,symbol,lastPrice,riseFallRate,fairPrice,indexPrice,volume24,amount24,maxBidPrice,minAskPrice,lower24Price,high24Price,bid1,ask1,holdVol,riseFallValue,fundingRate,zone,riseFallRates,riseFallRatesOfTimezone
1728737169105,BTC_USDT,62891.0,0.0108,62890.0,62922.2,607251417,3789299834.55892,69214.4,56629.9,61091.7,63399.8,62890.9,62891.0,68224534,672.9,2.9e-05,UTC+8,"[0.0108, 0.0169, 0.1096, 0.0694, -0.0198, 1.3585]","[0.0286, 0.0061, 0.0108]"
1728737171099,BTC_USDT,62891.0,0.0108,62891.0,62922.1,607251985,3789303409.90739,69214.3,56629.8,61091.7,63399.8,62890.9,62891,68223926,672.9,2.9e-05,UTC+8,"[0.0108, 0.0169, 0.1096, 0.0694, -0.0198, 1.3585]","[0.0286, 0.0061, 0.0108]"
1728737173093,BTC_USDT,62890.9,0.0108,62891.0,62922.1,607253055,3789310140.81123,69214.3,56629.8,61091.7,63399.8,62890.9,62891,68267171,672.8,2.9e-05,UTC+8,"[0.0108, 0.0169, 0.1096, 0.0694, -0.0198, 1.3585]","[0.0286, 0.0061, 0.0108]"
1728737175092,BTC_USDT,62890.9,0.0108,62891.0,62922.1,607284305,3789506671.83849,69214.3,56629.8,61091.7,63399.8,62890.9,62891,68332923,672.8,2.9e-05,UTC+8,"[0.0108, 0.0169, 0.1096, 0.0694, -0.0198, 1.3585]","[0.0286, 0.0061, 0.0108]"
1728737178085,BTC_USDT,62890.9,0.0108,62890.9,62922.0,607306869,3789648577.29894,69214.2,56629.8,61091.7,63399.8,62890.9,62891.0,68335673,672.8,2.9e-05,UTC+8,"[0.0108, 0.0169, 0.1096, 0.0694, -0.0198, 1.3585]","[0.0286, 0.0061, 0.0108]"
1728737180094,BTC_USDT,62889.7,0.0107,62889.8,62922.0,607307019,3789649525.37433,69214.2,56629.8,61091.7,63399.8,62889.6,62889.7,68334199,671.6,2.9e-05,UTC+8,"[0.0107, 0.0169, 0.1096, 0.0693, -0.0198, 1.3584]","[0.0286, 0.006, 0.0107]"
1728737182097,BTC_USDT,62889.7,0.0107,62889.8,62922.0,607307265,3789651072.46006,69214.2,56629.8,61091.7,63399.8,62889.6,62889.7,68192632,671.6,2.9e-05,UTC+8,"[0.0107, 0.0169, 0.1096, 0.0693, -0.0198, 1.3584]","[0.0286, 0.006, 0.0107]"
1728737184101,BTC_USDT,62889.7,0.0107,62889.8,62922.0,607307287,3789651209.245,69214.2,56629.8,61091.7,63399.8,62889.6,62889.7,68190958,671.6,2.9e-05,UTC+8,"[0.0107, 0.0169, 0.1096, 0.0693, -0.0198, 1.3584]","[0.0286, 0.006, 0.0107]"
1728737186101,BTC_USDT,62889.6,0.0107,62889.8,62922.0,607307442,3789652185.60617,69214.2,56629.8,61091.7,63399.8,62889.6,62889.7,68191229,671.5,2.9e-05,UTC+8,"[0.0107, 0.0169, 0.1096, 0.0693, -0.0198, 1.3584]","[0.0286, 0.006, 0.0107]"
1728737189099,BTC_USDT,62888.7,0.0107,62889.7,62921.9,607311284,3789676344.33951,69214.0,56629.7,61091.7,63399.8,62888.7,62888.8,68192984,670.6,2.9e-05,UTC+8,"[0.0107, 0.0169, 0.1096, 0.0693, -0.0198, 1.3584]","[0.0286, 0.006, 0.0107]"
1728737191104,BTC_USDT,62888.3,0.0107,62889.8,62921.9,607312500,3789683989.98524,69214.0,56629.7,61091.7,63399.8,62888.2,62888.3,68195792,670.2,2.9e-05,UTC+8,"[0.0107, 0.0169, 0.1096, 0.0693, -0.0198, 1.3584]","[0.0285, 0.006, 0.0107]"
1728737193107,BTC_USDT,62888.2,0.0107,62889.9,62922.0,607312926,3789686673.74213,69214.2,56629.8,61091.7,63399.8,62888.2,62888.3,68196037,670.1,2.9e-05,UTC+8,"[0.0107, 0.0169, 0.1096, 0.0693, -0.0198, 1.3584]","[0.0285, 0.006, 0.0107]"
timestamp,symbol,lastPrice,riseFallRate,fairPrice,indexPrice,volume24,amount24,maxBidPrice,minAskPrice,lower24Price,high24Price,bid1,ask1,holdVol,riseFallValue,fundingRate,zone,riseFallRates,riseFallRatesOfTimezone
1728737195096,BTC_USDT,62888.3,0.0107,62889.9,62922.0,607314277,3789695168.37667,69214.2,56629.8,61091.7,63399.8,62888.2,62888.3,68196055,670.2,2.9e-05,UTC+8,"[0.0107, 0.0169, 0.1096, 0.0693, -0.0198, 1.3584]","[0.0285, 0.006, 0.0107]"
1728737197109,BTC_USDT,62888.2,0.0107,62889.9,62922.0,607314324,3789695460.80702,69214.2,56629.8,61091.7,63399.8,62889.5,62889.6,68195803,670.1,2.9e-05,UTC+8,"[0.0107, 0.0169, 0.1096, 0.0693, -0.0198, 1.3584]","[0.0285, 0.006, 0.0107]"
1728737200104,BTC_USDT,62891.0,0.0108,62893.8,62925.9,607325109,3789763292.09573,69218.4,56633.3,61091.7,63399.8,62890.9,62891.0,68216522,672.9,2.9e-05,UTC+8,"[0.0108, 0.0169, 0.1096, 0.0694, -0.0198, 1.3585]","[0.0286, 0.0061, 0.0108]"
1728737202103,BTC_USDT,62890.9,0.0108,62894.6,62926.7,607325876,3789768112.68337,69219.3,56634.0,61091.7,63399.8,62890.9,62891.0,68218698,672.8,2.9e-05,UTC+8,"[0.0108, 0.0169, 0.1096, 0.0694, -0.0198, 1.3585]","[0.0286, 0.0061, 0.0108]"
1728737204102,BTC_USDT,62896.7,0.0109,62895.9,62928.0,607326176,3789769999.4337,69220.8,56635.2,61091.7,63399.8,62898.9,62899.0,68217085,678.6,2.9e-05,UTC+8,"[0.0109, 0.017, 0.1097, 0.0695, -0.0197, 1.3587]","[0.0287, 0.0062, 0.0109]"
1728737206095,BTC_USDT,62899.9,0.0109,62899.0,62930.1,607350534,3789923212.01907,69223.1,56637.0,61091.7,63399.8,62899.9,62900.0,68226635,681.8,2.9e-05,UTC+8,"[0.0109, 0.0171, 0.1098, 0.0695, -0.0196, 1.3588]","[0.0287, 0.0062, 0.0109]"
1728737209099,BTC_USDT,62903.1,0.011,62903.1,62932.2,607351710,3789930604.70574,69225.4,56638.9,61091.7,63399.8,62903.0,62903.1,68227328,685.0,2.9e-05,UTC+8,"[0.011, 0.0171, 0.1098, 0.0696, -0.0196, 1.3589]","[0.0288, 0.0063, 0.011]"
1728737211102,BTC_USDT,62906.5,0.011,62903.1,62936.9,607359511,3789979681.11468,69230.5,56643.2,61091.7,63399.8,62906.4,62906.5,68244445,688.4,2.9e-05,UTC+8,"[0.011, 0.0172, 0.1099, 0.0696, -0.0195, 1.3591]","[0.0288, 0.0063, 0.011]"
1728737213104,BTC_USDT,62906.5,0.011,62906.5,62936.9,607368054,3790033423.70915,69230.5,56643.2,61091.7,63399.8,62906.4,62906.5,68256451,688.4,2.9e-05,UTC+8,"[0.011, 0.0172, 0.1099, 0.0696, -0.0195, 1.3591]","[0.0288, 0.0063, 0.011]"
1728737215098,BTC_USDT,62906.4,0.011,62906.5,62937.0,607393829,3790195561.81138,69230.7,56643.3,61091.7,63399.8,62906.4,62906.5,68256948,688.3,2.9e-05,UTC+8,"[0.011, 0.0172, 0.1099, 0.0696, -0.0195, 1.3591]","[0.0288, 0.0063, 0.011]"
1728737217101,BTC_USDT,62906.4,0.011,62906.4,62937.0,607393861,3790195764.68483,69230.7,56643.3,61091.7,63399.8,62906.4,62906.5,68255273,688.3,2.9e-05,UTC+8,"[0.011, 0.0172, 0.1099, 0.0696, -0.0195, 1.3591]","[0.0288, 0.0063, 0.011]"
1728737220101,BTC_USDT,62906.5,0.011,62906.5,62937.0,607402353,3790249186.40382,69230.7,56643.3,61091.7,63399.8,62906.4,62906.5,68186620,688.4,2.9e-05,UTC+8,"[0.011, 0.0172, 0.1099, 0.0696, -0.0195, 1.3591]","[0.0288, 0.0063, 0.011]"
1728737222092,BTC_USDT,62906.4,0.011,62906.5,62937.0,607402871,3790252441.81005,69230.7,56643.3,61091.7,63399.8,62904.3,62904.4,68189316,688.3,2.9e-05,UTC+8,"[0.011, 0.0172, 0.1099, 0.0696, -0.0195, 1.3591]","[0.0288, 0.0063, 0.011]"
1728737224100,BTC_USDT,62897.4,0.0109,62906.5,62936.6,607453983,3790573942.76969,69230.2,56642.9,61091.7,63399.8,62897.4,62897.5,68291880,679.3,2.9e-05,UTC+8,"[0.0109, 0.017, 0.1097, 0.0695, -0.0197, 1.3587]","[0.0287, 0.0062, 0.0109]"
1728737226105,BTC_USDT,62897.5,0.0109,62904.7,62936.6,607457011,3790592991.25206,69230.2,56642.9,61091.7,63399.8,62897.4,62897.5,68296457,679.4,2.9e-05,UTC+8,"[0.0109, 0.017, 0.1097, 0.0695, -0.0197, 1.3587]","[0.0287, 0.0062, 0.0109]"
timestamp,symbol,lastPrice,riseFallRate,fairPrice,indexPrice,volume24,amount24,maxBidPrice,minAskPrice,lower24Price,high24Price,bid1,ask1,holdVol,riseFallValue,fundingRate,zone,riseFallRates,riseFallRatesOfTimezone
1728737229106,BTC_USDT,62897.4,0.0109,62904.7,62936.6,607457263,3790594576.26888,69230.2,56642.9,61091.7,63399.8,62897.4,62897.5,68295093,679.3,2.9e-05,UTC+8,"[0.0109, 0.017, 0.1097, 0.0695, -0.0197, 1.3587]","[0.0287, 0.0062, 0.0109]"
1728737231104,BTC_USDT,62897.5,0.0109,62904.5,62936.5,607457537,3790596298.08783,69230.1,56642.8,61091.7,63399.8,62897.4,62897.5,68297161,679.4,2.9e-05,UTC+8,"[0.0109, 0.017, 0.1097, 0.0695, -0.0197, 1.3587]","[0.0287, 0.0062, 0.0109]"
1728737233094,BTC_USDT,62897.5,0.0109,62904.5,62936.5,607457650,3790597010.40111,69230.1,56642.8,61091.7,63399.8,62897.4,62897.5,68295487,679.4,2.9e-05,UTC+8,"[0.0109, 0.017, 0.1097, 0.0695, -0.0197, 1.3587]","[0.0287, 0.0062, 0.0109]"
1728737235094,BTC_USDT,62897.5,0.0109,62904.5,62936.5,607459207,3790606803.54186,69230.1,56642.8,61091.7,63399.8,62897.4,62897.5,68297529,679.4,2.9e-05,UTC+8,"[0.0109, 0.017, 0.1097, 0.0695, -0.0197, 1.3587]","[0.0287, 0.0062, 0.0109]"
1728737237104,BTC_USDT,62897.5,0.0109,62904.4,62936.5,607469994,3790674647.82266,69230.1,56642.8,61091.7,63399.8,62897.4,62897.5,68297761,679.4,2.9e-05,UTC+8,"[0.0109, 0.017, 0.1097, 0.0695, -0.0197, 1.3587]","[0.0287, 0.0062, 0.0109]"
1728737240106,BTC_USDT,62897.5,0.0109,62904.4,62936.5,607473936,3790699446.73431,69230.1,56642.8,61091.7,63399.8,62897.4,62897.5,68304246,679.4,2.9e-05,UTC+8,"[0.0109, 0.017, 0.1097, 0.0695, -0.0197, 1.3587]","[0.0287, 0.0062, 0.0109]"
1728737242101,BTC_USDT,62897.5,0.0109,62904.4,62936.1,607477910,3790724439.05414,69229.7,56642.4,61091.7,63399.8,62897.4,62897.5,68313691,679.4,2.9e-05,UTC+8,"[0.0109, 0.017, 0.1097, 0.0695, -0.0197, 1.3587]","[0.0287, 0.0062, 0.0109]"
1728737244107,BTC_USDT,62890.1,0.0108,62903.1,62935.3,607485567,3790772592.42157,69228.8,56641.7,61091.7,63399.8,62890.0,62890.1,68313942,672.0,2.9e-05,UTC+8,"[0.0108, 0.0169, 0.1096, 0.0694, -0.0198, 1.3584]","[0.0286, 0.006, 0.0108]"
1728737246099,BTC_USDT,62885.5,0.0107,62893.2,62925.4,607489623,3790798099.80438,69217.9,56632.8,61091.7,63399.8,62885.5,62885.6,68322004,667.4,2.9e-05,UTC+8,"[0.0107, 0.0168, 0.1095, 0.0693, -0.0199, 1.3583]","[0.0285, 0.006, 0.0107]"
1728737249101,BTC_USDT,62885.5,0.0107,62890.2,62922.4,607629480,3791677602.25961,69214.6,56630.1,61091.7,63399.8,62885.5,62885.6,68536101,667.4,2.9e-05,UTC+8,"[0.0107, 0.0168, 0.1095, 0.0693, -0.0199, 1.3583]","[0.0285, 0.006, 0.0107]"
1728737251095,BTC_USDT,62885.6,0.0107,62890.1,62922.4,607629498,3791677715.45358,69214.6,56630.1,61091.7,63399.8,62885.5,62885.6,68534425,667.5,2.9e-05,UTC+8,"[0.0107, 0.0168, 0.1095, 0.0693, -0.0199, 1.3583]","[0.0285, 0.006, 0.0107]"
1728737253102,BTC_USDT,62885.5,0.0107,62890.1,62922.4,607632681,3791697727.20023,69214.6,56630.1,61091.7,63399.8,62885.5,62885.6,68540869,667.4,2.9e-05,UTC+8,"[0.0107, 0.0168, 0.1095, 0.0693, -0.0199, 1.3583]","[0.0285, 0.006, 0.0107]"
timestamp,symbol,lastPrice,riseFallRate,fairPrice,indexPrice,volume24,amount24,maxBidPrice,minAskPrice,lower24Price,high24Price,bid1,ask1,holdVol,riseFallValue,fundingRate,zone,riseFallRates,riseFallRatesOfTimezone
1728737255095,BTC_USDT,62885.5,0.0107,62890.1,62922.4,607633899,3791705386.66346,69214.6,56630.1,61091.7,63399.8,62885.5,62885.6,68544348,667.4,2.9e-05,UTC+8,"[0.0107, 0.0168, 0.1095, 0.0693, -0.0199, 1.3583]","[0.0285, 0.006, 0.0107]"
1728737258101,BTC_USDT,62885.6,0.0107,62890.1,62922.4,607637277,3791726634.10218,69214.6,56630.1,61091.7,63399.8,62885.5,62885.6,68252284,667.5,2.9e-05,UTC+8,"[0.0107, 0.0168, 0.1095, 0.0693, -0.0199, 1.3583]","[0.0285, 0.006, 0.0107]"
1728737260101,BTC_USDT,62883.6,0.0106,62890.1,62922.4,607639404,3791740004.78962,69214.6,56630.1,61091.7,63399.8,62883.5,62883.6,68253727,665.5,2.9e-05,UTC+8,"[0.0106, 0.0168, 0.1095, 0.0692, -0.0199, 1.3582]","[0.0285, 0.0059, 0.0106]"
1728737262102,BTC_USDT,62883.6,0.0106,62890.1,62922.4,607643200,3791763878.51336,69214.6,56630.1,61091.7,63399.8,62883.5,62883.6,68253727,665.5,2.9e-05,UTC+8,"[0.0106, 0.0168, 0.1095, 0.0692, -0.0199, 1.3582]","[0.0285, 0.0059, 0.0106]"
1728737264110,BTC_USDT,62883.6,0.0106,62890.0,62922.4,607643294,3791764468.04684,69214.6,56630.1,61091.7,63399.8,62883.5,62883.6,68253887,665.5,2.9e-05,UTC+8,"[0.0106, 0.0168, 0.1095, 0.0692, -0.0199, 1.3582]","[0.0285, 0.0059, 0.0106]"
1728737266103,BTC_USDT,62883.6,0.0106,62890.0,62922.4,607645578,3791778833.7849,69214.6,56630.1,61091.7,63399.8,62883.5,62883.6,68256052,665.5,2.9e-05,UTC+8,"[0.0106, 0.0168, 0.1095, 0.0692, -0.0199, 1.3582]","[0.0285, 0.0059, 0.0106]"
1728737269103,BTC_USDT,62883.5,0.0106,62890.1,62922.5,607645656,3791779319.56059,69214.7,56630.2,61091.7,63399.8,62883.5,62883.6,68256169,665.4,2.9e-05,UTC+8,"[0.0106, 0.0168, 0.1095, 0.0692, -0.0199, 1.3582]","[0.0285, 0.0059, 0.0106]"
1728737271095,BTC_USDT,62883.5,0.0106,62890.0,62922.5,607645684,3791779498.77864,69214.7,56630.2,61091.7,63399.8,62883.5,62883.6,68264905,665.4,2.9e-05,UTC+8,"[0.0106, 0.0168, 0.1095, 0.0692, -0.0199, 1.3582]","[0.0285, 0.0059, 0.0106]"
1728737273101,BTC_USDT,62883.6,0.0106,62890.0,62922.5,607651083,3791813446.43942,69214.7,56630.2,61091.7,63399.8,62883.5,62883.6,68265314,665.5,2.9e-05,UTC+8,"[0.0106, 0.0168, 0.1095, 0.0692, -0.0199, 1.3582]","[0.0285, 0.0059, 0.0106]"
1728737275100,BTC_USDT,62883.6,0.0106,62890.0,62922.5,607651091,3791813498.31834,69214.7,56630.2,61091.7,63399.8,62883.5,62883.6,68266989,665.5,2.9e-05,UTC+8,"[0.0106, 0.0168, 0.1095, 0.0692, -0.0199, 1.3582]","[0.0285, 0.0059, 0.0106]"
1728737278093,BTC_USDT,62883.5,0.0106,62889.9,62922.5,607651136,3791813781.29424,69214.7,56630.2,61091.7,63399.8,62883.5,62883.6,68265300,665.4,2.9e-05,UTC+8,"[0.0106, 0.0168, 0.1095, 0.0692, -0.0199, 1.3582]","[0.0285, 0.0059, 0.0106]"
1728737280100,BTC_USDT,62883.6,0.0106,62890.0,62922.6,607652544,3791822638.44925,69214.8,56630.3,61091.7,63399.8,62883.5,62883.6,68267199,665.5,2.9e-05,UTC+8,"[0.0106, 0.0168, 0.1095, 0.0692, -0.0199, 1.3582]","[0.0285, 0.0059, 0.0106]"
1728737282087,BTC_USDT,62883.6,0.0106,62890.1,62922.7,607653052,3791825831.364,69214.9,56630.4,61091.7,63399.8,62890.8,62890.9,68271166,665.5,2.9e-05,UTC+8,"[0.0106, 0.0168, 0.1095, 0.0692, -0.0199, 1.3582]","[0.0285, 0.0059, 0.0106]"
1728737284098,BTC_USDT,62896.1,0.0108,62896.1,62922.9,607797905,3792736893.93676,69215.1,56630.6,61091.7,63399.8,62895.9,62896.1,68272336,678.0,2.9e-05,UTC+8,"[0.0108, 0.017, 0.1097, 0.0695, -0.0197, 1.3587]","[0.0287, 0.0061, 0.0108]"
1728737286103,BTC_USDT,62895.8,0.0108,62895.8,62923.0,607805386,3792783947.93186,69215.3,56630.7,61091.7,63399.8,62895.8,62895.9,68274011,677.7,2.9e-05,UTC+8,"[0.0108, 0.017, 0.1097, 0.0695, -0.0197, 1.3587]","[0.0287, 0.0061, 0.0108]"
timestamp,symbol,lastPrice,riseFallRate,fairPrice,indexPrice,volume24,amount24,maxBidPrice,minAskPrice,lower24Price,high24Price,bid1,ask1,holdVol,riseFallValue,fundingRate,zone,riseFallRates,riseFallRatesOfTimezone
1728737289096,BTC_USDT,62895.8,0.0108,62895.9,62924.8,607830710,3792943223.91514,69217.2,56632.3,61091.7,63399.8,62895.8,62895.9,68325970,677.7,2.9e-05,UTC+8,"[0.0108, 0.017, 0.1097, 0.0695, -0.0197, 1.3587]","[0.0287, 0.0061, 0.0108]"
1728737291106,BTC_USDT,62895.8,0.0108,62895.8,62924.9,607830812,3792943865.4529,69217.3,56632.4,61091.7,63399.8,62895.8,62895.9,68324433,677.7,2.9e-05,UTC+8,"[0.0108, 0.017, 0.1097, 0.0695, -0.0197, 1.3587]","[0.0287, 0.0061, 0.0108]"
1728737293097,BTC_USDT,62895.8,0.0108,62895.8,62924.9,607832957,3792957356.62337,69217.3,56632.4,61091.7,63399.8,62895.8,62895.9,68328809,677.7,2.9e-05,UTC+8,"[0.0108, 0.017, 0.1097, 0.0695, -0.0197, 1.3587]","[0.0287, 0.0061, 0.0108]"
1728737295091,BTC_USDT,62895.8,0.0108,62895.9,62924.8,607833458,3792960507.70784,69217.2,56632.3,61091.7,63399.8,62883.6,62883.7,68329804,677.7,2.9e-05,UTC+8,"[0.0108, 0.017, 0.1097, 0.0695, -0.0197, 1.3587]","[0.0287, 0.0061, 0.0108]"
1728737298097,BTC_USDT,62880.1,0.0106,62888.9,62921.5,607847935,3793051545.77868,69213.6,56629.3,61091.7,63399.8,62880.0,62880.1,68356043,662.0,2.9e-05,UTC+8,"[0.0106, 0.0167, 0.1094, 0.0692, -0.0199, 1.3581]","[0.0284, 0.0059, 0.0106]"
1728737300099,BTC_USDT,62880.1,0.0106,62888.9,62921.5,607856991,3793108491.49274,69213.6,56629.3,61091.7,63399.8,62880.0,62880.1,68365036,662.0,2.9e-05,UTC+8,"[0.0106, 0.0167, 0.1094, 0.0692, -0.0199, 1.3581]","[0.0284, 0.0059, 0.0106]"
1728737302108,BTC_USDT,62880.1,0.0106,62888.8,62921.5,607858009,3793114891.1125,69213.6,56629.3,61091.7,63399.8,62880.0,62880.1,68316495,662.0,2.9e-05,UTC+8,"[0.0106, 0.0167, 0.1094, 0.0692, -0.0199, 1.3581]","[0.0284, 0.0059, 0.0106]"
1728737304107,BTC_USDT,62880.1,0.0106,62888.7,62921.5,607858165,3793115872.0409,69213.6,56629.3,61091.7,63399.8,62880.0,62880.1,68316788,662.0,2.9e-05,UTC+8,"[0.0106, 0.0167, 0.1094, 0.0692, -0.0199, 1.3581]","[0.0284, 0.0059, 0.0106]"
1728737306105,BTC_USDT,62880.1,0.0106,62888.7,62921.5,607858197,3793116070.11291,69213.6,56629.3,61091.7,63399.8,62880.0,62880.1,68316788,662.0,2.9e-05,UTC+8,"[0.0106, 0.0167, 0.1094, 0.0692, -0.0199, 1.3581]","[0.0284, 0.0059, 0.0106]"
1728737309097,BTC_USDT,62880.0,0.0106,62888.5,62921.5,607858964,3793120894.58109,69213.6,56629.3,61091.7,63399.8,62880.0,62880.1,68318464,661.9,2.9e-05,UTC+8,"[0.0106, 0.0167, 0.1094, 0.0692, -0.0199, 1.3581]","[0.0284, 0.0059, 0.0106]"
1728737311101,BTC_USDT,62880.0,0.0106,62888.3,62921.4,607858974,3793120955.8891,69213.5,56629.2,61091.7,63399.8,62880.0,62880.1,68316788,661.9,2.9e-05,UTC+8,"[0.0106, 0.0167, 0.1094, 0.0692, -0.0199, 1.3581]","[0.0284, 0.0059, 0.0106]"
1728737313102,BTC_USDT,62870.1,0.0104,62876.2,62909.3,607867893,3793177031.30235,69200.2,56618.3,61091.7,63399.8,62870.0,62870.1,68320142,652.0,2.9e-05,UTC+8,"[0.0104, 0.0166, 0.1092, 0.069, -0.0201, 1.3577]","[0.0282, 0.0057, 0.0104]"
timestamp,symbol,lastPrice,riseFallRate,fairPrice,indexPrice,volume24,amount24,maxBidPrice,minAskPrice,lower24Price,high24Price,bid1,ask1,holdVol,riseFallValue,fundingRate,zone,riseFallRates,riseFallRatesOfTimezone
1728737315101,BTC_USDT,62870.0,0.0104,62876.1,62909.2,607868259,3793179332.3444,69200.1,56618.2,61091.7,63399.8,62870.0,62870.1,68320941,651.9,2.9e-05,UTC+8,"[0.0104, 0.0166, 0.1092, 0.069, -0.0201, 1.3577]","[0.0282, 0.0057, 0.0104]"
1728737318101,BTC_USDT,62883.4,0.0106,62880.1,62912.2,607876959,3793234042.14529,69203.4,56620.9,61091.7,63399.8,62883.4,62883.5,68334563,665.3,2.9e-05,UTC+8,"[0.0106, 0.0168, 0.1095, 0.0692, -0.0199, 1.3582]","[0.0285, 0.0059, 0.0106]"
1728737320134,BTC_USDT,62885.5,0.0107,62885.6,62918.0,607876971,3793234117.60797,69209.8,56626.2,61091.7,63399.8,62885.5,62885.6,68336238,667.4,2.9e-05,UTC+8,"[0.0107, 0.0168, 0.1095, 0.0693, -0.0199, 1.3583]","[0.0285, 0.006, 0.0107]"
1728737322106,BTC_USDT,62885.6,0.0107,62885.6,62918.0,607876990,3793234235.51839,69209.8,56626.2,61091.7,63399.8,62885.5,62885.6,68334569,667.5,2.9e-05,UTC+8,"[0.0107, 0.0168, 0.1095, 0.0693, -0.0199, 1.3583]","[0.0285, 0.006, 0.0107]"
1728737324102,BTC_USDT,62885.5,0.0107,62885.5,62918.0,607877007,3793234339.27956,69209.8,56626.2,61091.7,63399.8,62885.5,62885.6,68334569,667.4,2.9e-05,UTC+8,"[0.0107, 0.0168, 0.1095, 0.0693, -0.0199, 1.3583]","[0.0285, 0.006, 0.0107]"
1728737326105,BTC_USDT,62885.5,0.0107,62885.6,62918.0,607877693,3793238654.79987,69209.8,56626.2,61091.7,63399.8,62885.5,62885.6,68335410,667.4,2.9e-05,UTC+8,"[0.0107, 0.0168, 0.1095, 0.0693, -0.0199, 1.3583]","[0.0285, 0.006, 0.0107]"
1728737329102,BTC_USDT,62885.6,0.0107,62885.5,62918.0,607878345,3793242753.36607,69209.8,56626.2,61091.7,63399.8,62885.5,62885.6,68335411,667.5,2.9e-05,UTC+8,"[0.0107, 0.0168, 0.1095, 0.0693, -0.0199, 1.3583]","[0.0285, 0.006, 0.0107]"
1728737331102,BTC_USDT,62885.6,0.0107,62885.5,62918.0,607884855,3793283691.89151,69209.8,56626.2,61091.7,63399.8,62885.5,62885.6,68348729,667.5,2.9e-05,UTC+8,"[0.0107, 0.0168, 0.1095, 0.0693, -0.0199, 1.3583]","[0.0285, 0.006, 0.0107]"
1728737333096,BTC_USDT,62885.6,0.0107,62885.6,62918.0,607885104,3793285257.74283,69209.8,56626.2,61091.7,63399.8,62885.5,62885.6,68350620,667.5,2.9e-05,UTC+8,"[0.0107, 0.0168, 0.1095, 0.0693, -0.0199, 1.3583]","[0.0285, 0.006, 0.0107]"
1728737335094,BTC_USDT,62885.5,0.0107,62885.6,62917.9,607885666,3793288795.0523,69209.6,56626.1,61091.7,63399.8,62885.5,62885.6,68348430,667.4,2.9e-05,UTC+8,"[0.0107, 0.0168, 0.1095, 0.0693, -0.0199, 1.3583]","[0.0285, 0.006, 0.0107]"
1728737338102,BTC_USDT,62885.6,0.0107,62885.5,62917.9,607886533,3793294247.23364,69209.6,56626.1,61091.7,63399.8,62885.5,62885.6,68350155,667.5,2.9e-05,UTC+8,"[0.0107, 0.0168, 0.1095, 0.0693, -0.0199, 1.3583]","[0.0285, 0.006, 0.0107]"
1728737340094,BTC_USDT,62885.6,0.0107,62885.5,62917.9,607886541,3793294294.39777,69209.6,56626.1,61091.7,63399.8,62885.5,62885.6,68351831,667.5,2.9e-05,UTC+8,"[0.0107, 0.0168, 0.1095, 0.0693, -0.0199, 1.3583]","[0.0285, 0.006, 0.0107]"
1728737342094,BTC_USDT,62885.6,0.0107,62885.6,62917.9,607888629,3793307429.62719,69209.6,56626.1,61091.7,63399.8,62885.5,62885.6,68355906,667.5,2.8e-05,UTC+8,"[0.0107, 0.0168, 0.1095, 0.0693, -0.0199, 1.3583]","[0.0285, 0.006, 0.0107]"
1728737344102,BTC_USDT,62885.5,0.0107,62885.6,62917.9,607888957,3793309490.70072,69209.6,56626.1,61091.7,63399.8,62885.5,62885.6,68354209,667.4,2.8e-05,UTC+8,"[0.0107, 0.0168, 0.1095, 0.0693, -0.0199, 1.3583]","[0.0285, 0.006, 0.0107]"
1728737347106,BTC_USDT,62885.6,0.0107,62885.6,62917.9,607890298,3793317923.65953,69209.6,56626.1,61091.7,63399.8,62885.5,62885.6,68356877,667.5,2.8e-05,UTC+8,"[0.0107, 0.0168, 0.1095, 0.0693, -0.0199, 1.3583]","[0.0285, 0.006, 0.0107]"
timestamp,symbol,lastPrice,riseFallRate,fairPrice,indexPrice,volume24,amount24,maxBidPrice,minAskPrice,lower24Price,high24Price,bid1,ask1,holdVol,riseFallValue,fundingRate,zone,riseFallRates,riseFallRatesOfTimezone
1728737349095,BTC_USDT,62885.5,0.0107,62885.5,62918.1,607895031,3793347684.26955,69209.9,56626.2,61091.7,63399.8,62885.5,62885.6,68366558,667.4,2.8e-05,UTC+8,"[0.0107, 0.0168, 0.1095, 0.0693, -0.0199, 1.3583]","[0.0285, 0.006, 0.0107]"
1728737351127,BTC_USDT,62885.5,0.0107,62884.4,62917.8,607895675,3793351735.67325,69209.5,56626.0,61091.7,63399.8,62880.4,62880.5,68448076,667.4,2.8e-05,UTC+8,"[0.0107, 0.0168, 0.1095, 0.0693, -0.0199, 1.3583]","[0.0285, 0.006, 0.0107]"
1728737353100,BTC_USDT,62871.5,0.0105,62878.3,62911.7,607943258,3793650950.14658,69202.8,56620.5,61091.7,63399.8,62871.4,62871.5,68449752,653.4,2.8e-05,UTC+8,"[0.0105, 0.0166, 0.1093, 0.069, -0.0201, 1.3578]","[0.0283, 0.0057, 0.0105]"
1728737355102,BTC_USDT,62871.4,0.0105,62878.2,62911.7,607947105,3793675135.20253,69202.8,56620.5,61091.7,63399.8,62871.4,62871.5,68448076,653.3,2.8e-05,UTC+8,"[0.0105, 0.0166, 0.1093, 0.069, -0.0201, 1.3577]","[0.0283, 0.0057, 0.0105]"
1728737358093,BTC_USDT,62871.4,0.0105,62878.0,62911.6,607948408,3793683330.49401,69202.7,56620.4,61091.7,63399.8,62871.4,62871.5,68448937,653.3,2.8e-05,UTC+8,"[0.0105, 0.0166, 0.1093, 0.069, -0.0201, 1.3577]","[0.0283, 0.0057, 0.0105]"
1728737360105,BTC_USDT,62871.5,0.0105,62878.0,62911.6,607950177,3793694449.31874,69202.7,56620.4,61091.7,63399.8,62871.4,62871.5,68414135,653.4,2.8e-05,UTC+8,"[0.0105, 0.0166, 0.1093, 0.069, -0.0201, 1.3578]","[0.0283, 0.0057, 0.0105]"
1728737362089,BTC_USDT,62871.5,0.0105,62878.1,62911.8,608061568,3794394784.38775,69202.9,56620.6,61091.7,63399.8,62877.4,62877.5,68412459,653.4,2.8e-05,UTC+8,"[0.0105, 0.0166, 0.1093, 0.069, -0.0201, 1.3578]","[0.0283, 0.0057, 0.0105]"
1728737364102,BTC_USDT,62877.4,0.0105,62878.2,62911.9,608187492,3795186484.38976,69203.0,56620.7,61091.7,63399.8,62877.4,62877.5,68414330,659.3,2.8e-05,UTC+8,"[0.0105, 0.0167, 0.1094, 0.0691, -0.02, 1.358]","[0.0284, 0.0058, 0.0105]"
1728737367099,BTC_USDT,62877.5,0.0105,62878.1,62911.9,608187615,3795187257.78244,69203.0,56620.7,61091.7,63399.8,62877.4,62877.5,68412655,659.4,2.8e-05,UTC+8,"[0.0105, 0.0167, 0.1094, 0.0691, -0.02, 1.358]","[0.0284, 0.0058, 0.0105]"
1728737369102,BTC_USDT,62877.4,0.0105,62878.1,62911.9,608189995,3795202225.74751,69203.0,56620.7,61091.7,63399.8,62877.4,62877.5,68419039,659.3,2.8e-05,UTC+8,"[0.0105, 0.0167, 0.1094, 0.0691, -0.02, 1.358]","[0.0284, 0.0058, 0.0105]"
1728737371102,BTC_USDT,62877.4,0.0105,62878.1,62911.9,608191827,3795213746.46147,69203.0,56620.7,61091.7,63399.8,62877.4,62877.5,68419671,659.3,2.8e-05,UTC+8,"[0.0105, 0.0167, 0.1094, 0.0691, -0.02, 1.358]","[0.0284, 0.0058, 0.0105]"
1728737373098,BTC_USDT,62877.5,0.0105,62878.1,62911.9,608191846,3795213864.3567,69203.0,56620.7,61091.7,63399.8,62877.4,62877.5,68417995,659.4,2.8e-05,UTC+8,"[0.0105, 0.0167, 0.1094, 0.0691, -0.02, 1.358]","[0.0284, 0.0058, 0.0105]"
timestamp,symbol,lastPrice,riseFallRate,fairPrice,indexPrice,volume24,amount24,maxBidPrice,minAskPrice,lower24Price,high24Price,bid1,ask1,holdVol,riseFallValue,fundingRate,zone,riseFallRates,riseFallRatesOfTimezone
1728737375088,BTC_USDT,62877.4,0.0105,62878.1,62911.9,608194359,3795229662.30784,69203.0,56620.7,61091.7,63399.8,62877.4,62877.5,68418887,659.3,2.8e-05,UTC+8,"[0.0105, 0.0167, 0.1094, 0.0691, -0.02, 1.358]","[0.0284, 0.0058, 0.0105]"
1728737378093,BTC_USDT,62877.5,0.0105,62877.9,62911.8,608194602,3795231194.94689,69202.9,56620.6,61091.7,63399.8,62877.4,62877.5,68421018,659.4,2.8e-05,UTC+8,"[0.0105, 0.0167, 0.1094, 0.0691, -0.02, 1.358]","[0.0284, 0.0058, 0.0105]"
1728737380091,BTC_USDT,62877.5,0.0105,62878.0,62911.9,608194623,3795231322.27374,69203.0,56620.7,61091.7,63399.8,62877.4,62877.5,68421018,659.4,2.8e-05,UTC+8,"[0.0105, 0.0167, 0.1094, 0.0691, -0.02, 1.358]","[0.0284, 0.0058, 0.0105]"
1728737382135,BTC_USDT,62877.5,0.0105,62877.9,62911.8,608195163,3795234722.3693,69202.9,56620.6,61091.7,63399.8,62877.4,62877.5,68421018,659.4,2.8e-05,UTC+8,"[0.0105, 0.0167, 0.1094, 0.0691, -0.02, 1.358]","[0.0284, 0.0058, 0.0105]"
1728737384110,BTC_USDT,62877.5,0.0105,62877.9,62911.8,608195386,3795236122.96341,69202.9,56620.6,61091.7,63399.8,62877.4,62877.5,67920411,659.4,2.8e-05,UTC+8,"[0.0105, 0.0167, 0.1094, 0.0691, -0.02, 1.358]","[0.0284, 0.0058, 0.0105]"
1728737387101,BTC_USDT,62871.6,0.0105,62877.6,62911.5,608195679,3795237966.75545,69202.6,56620.3,61091.7,63399.8,62871.5,62871.6,67918980,653.5,2.8e-05,UTC+8,"[0.0105, 0.0166, 0.1093, 0.069, -0.0201, 1.3578]","[0.0283, 0.0058, 0.0105]"
1728737389108,BTC_USDT,62867.8,0.0104,62871.4,62904.7,608196636,3795243978.71938,69195.1,56614.2,61091.7,63399.8,62867.7,62867.8,67920914,649.7,2.8e-05,UTC+8,"[0.0104, 0.0165, 0.1092, 0.069, -0.0201, 1.3576]","[0.0282, 0.0057, 0.0104]"
1728737391102,BTC_USDT,62867.1,0.0104,62870.7,62904.7,608198316,3795254540.40231,69195.1,56614.2,61091.7,63399.8,62867.1,62867.2,67921008,649.0,2.8e-05,UTC+8,"[0.0104, 0.0165, 0.1092, 0.069, -0.0202, 1.3576]","[0.0282, 0.0057, 0.0104]"
1728737393112,BTC_USDT,62867.1,0.0104,62870.6,62904.7,608198678,3795256817.76603,69195.1,56614.2,61091.7,63399.8,62867.1,62867.2,67921008,649.0,2.8e-05,UTC+8,"[0.0104, 0.0165, 0.1092, 0.069, -0.0202, 1.3576]","[0.0282, 0.0057, 0.0104]"
1728737395094,BTC_USDT,62867.2,0.0104,62870.8,62905.0,608199369,3795261165.02866,69195.5,56614.5,61091.7,63399.8,62877.4,62877.5,67921524,649.1,2.8e-05,UTC+8,"[0.0104, 0.0165, 0.1092, 0.069, -0.0201, 1.3576]","[0.0282, 0.0057, 0.0104]"
1728737398096,BTC_USDT,62877.5,0.0105,62877.4,62910.1,608219284,3795386374.9405,69201.1,56619.0,61091.7,63399.8,62877.4,62877.5,67899685,659.4,2.8e-05,UTC+8,"[0.0105, 0.0167, 0.1094, 0.0691, -0.02, 1.358]","[0.0284, 0.0058, 0.0105]"
1728737400138,BTC_USDT,62877.5,0.0105,62877.4,62910.1,608220518,3795394132.45199,69201.1,56619.0,61091.7,63399.8,62877.4,62877.5,67902175,659.4,2.8e-05,UTC+8,"[0.0105, 0.0167, 0.1094, 0.0691, -0.02, 1.358]","[0.0284, 0.0058, 0.0105]"
1728737402102,BTC_USDT,62877.5,0.0105,62877.5,62910.1,608220528,3795394198.47327,69201.1,56619.0,61091.7,63399.8,62877.4,62877.5,67902177,659.4,2.8e-05,UTC+8,"[0.0105, 0.0167, 0.1094, 0.0691, -0.02, 1.358]","[0.0284, 0.0058, 0.0105]"
1728737404101,BTC_USDT,62877.5,0.0105,62877.4,62910.1,608222086,3795403993.21564,69201.1,56619.0,61091.7,63399.8,62877.4,62877.5,67904040,659.4,2.8e-05,UTC+8,"[0.0105, 0.0167, 0.1094, 0.0691, -0.02, 1.358]","[0.0284, 0.0058, 0.0105]"
1728737407101,BTC_USDT,62877.5,0.0105,62877.5,62910.1,608222228,3795404884.5029,69201.1,56619.0,61091.7,63399.8,62877.4,62877.5,67903956,659.4,2.8e-05,UTC+8,"[0.0105, 0.0167, 0.1094, 0.0691, -0.02, 1.358]","[0.0284, 0.0058, 0.0105]"
timestamp,symbol,lastPrice,riseFallRate,fairPrice,indexPrice,volume24,amount24,maxBidPrice,minAskPrice,lower24Price,high24Price,bid1,ask1,holdVol,riseFallValue,fundingRate,zone,riseFallRates,riseFallRatesOfTimezone
1728737409098,BTC_USDT,62877.4,0.0105,62877.5,62910.1,608243115,3795536215.15797,69201.1,56619.0,61091.7,63399.8,62877.4,62877.5,67939788,659.3,2.8e-05,UTC+8,"[0.0105, 0.0167, 0.1094, 0.0691, -0.02, 1.358]","[0.0284, 0.0058, 0.0105]"
1728737411102,BTC_USDT,62877.4,0.0105,62877.4,62910.0,608243224,3795536903.66559,69201.0,56619.0,61091.7,63399.8,62872.3,62872.4,67939788,659.3,2.8e-05,UTC+8,"[0.0105, 0.0167, 0.1094, 0.0691, -0.02, 1.358]","[0.0284, 0.0058, 0.0105]"
1728737413095,BTC_USDT,62872.4,0.0105,62875.6,62909.9,608243319,3795537497.81087,69200.8,56618.9,61091.7,63399.8,62872.3,62872.4,67939802,654.3,2.8e-05,UTC+8,"[0.0105, 0.0166, 0.1093, 0.0691, -0.0201, 1.3578]","[0.0283, 0.0058, 0.0105]"
1728737416095,BTC_USDT,62864.5,0.0103,62874.0,62908.4,608252393,3795594549.79641,69199.2,56617.5,61091.7,63399.8,62864.4,62864.5,67958402,646.4,2.8e-05,UTC+8,"[0.0103, 0.0165, 0.1091, 0.0689, -0.0202, 1.3575]","[0.0282, 0.0056, 0.0103]"
1728737418091,BTC_USDT,62864.5,0.0103,62870.1,62904.6,608252445,3795594875.12004,69195.0,56614.1,61091.7,63399.8,62864.4,62864.5,67958405,646.4,2.8e-05,UTC+8,"[0.0103, 0.0165, 0.1091, 0.0689, -0.0202, 1.3575]","[0.0282, 0.0056, 0.0103]"
1728737420102,BTC_USDT,62864.4,0.0103,62870.1,62904.6,608256417,3795619844.85975,69195.0,56614.1,61091.7,63399.8,62864.4,62864.5,67968192,646.3,2.8e-05,UTC+8,"[0.0103, 0.0165, 0.1091, 0.0689, -0.0202, 1.3575]","[0.0282, 0.0056, 0.0103]"
1728737422098,BTC_USDT,62864.5,0.0103,62870.0,62904.6,608256430,3795619929.72679,69195.0,56614.1,61091.7,63399.8,62864.4,62864.5,67966517,646.4,2.8e-05,UTC+8,"[0.0103, 0.0165, 0.1091, 0.0689, -0.0202, 1.3575]","[0.0282, 0.0056, 0.0103]"
1728737424101,BTC_USDT,62864.5,0.0103,62870.0,62904.6,608256606,3795621032.99704,69195.0,56614.1,61091.7,63399.8,62864.4,62864.5,67968537,646.4,2.8e-05,UTC+8,"[0.0103, 0.0165, 0.1091, 0.0689, -0.0202, 1.3575]","[0.0282, 0.0056, 0.0103]"
1728737427106,BTC_USDT,62864.5,0.0103,62869.9,62904.6,608269491,3795702038.49207,69195.0,56614.1,61091.7,63399.8,62864.4,62864.5,67993006,646.4,2.8e-05,UTC+8,"[0.0103, 0.0165, 0.1091, 0.0689, -0.0202, 1.3575]","[0.0282, 0.0056, 0.0103]"
1728737429096,BTC_USDT,62864.4,0.0103,62869.8,62904.6,608276442,3795745730.82516,69195.0,56614.1,61091.7,63399.8,62864.4,62864.5,67994682,646.3,2.8e-05,UTC+8,"[0.0103, 0.0165, 0.1091, 0.0689, -0.0202, 1.3575]","[0.0282, 0.0056, 0.0103]"
1728737431107,BTC_USDT,62864.5,0.0103,62869.7,62904.6,608276878,3795748474.86048,69195.0,56614.1,61091.7,63399.8,62864.4,62864.5,67995541,646.4,2.8e-05,UTC+8,"[0.0103, 0.0165, 0.1091, 0.0689, -0.0202, 1.3575]","[0.0282, 0.0056, 0.0103]"
1728737433108,BTC_USDT,62864.5,0.0103,62869.7,62904.6,608276895,3795748583.30166,69195.0,56614.1,61091.7,63399.8,62864.4,62864.5,67995541,646.4,2.8e-05,UTC+8,"[0.0103, 0.0165, 0.1091, 0.0689, -0.0202, 1.3575]","[0.0282, 0.0056, 0.0103]"
timestamp,symbol,lastPrice,riseFallRate,fairPrice,indexPrice,volume24,amount24,maxBidPrice,minAskPrice,lower24Price,high24Price,bid1,ask1,holdVol,riseFallValue,fundingRate,zone,riseFallRates,riseFallRatesOfTimezone
1728737436102,BTC_USDT,62864.5,0.0103,62869.6,62904.6,608276937,3795748842.61749,69195.0,56614.1,61091.7,63399.8,62864.4,62864.5,67995533,646.4,2.8e-05,UTC+8,"[0.0103, 0.0165, 0.1091, 0.0689, -0.0202, 1.3575]","[0.0282, 0.0056, 0.0103]"
1728737438095,BTC_USDT,62864.4,0.0103,62869.5,62904.6,608276950,3795748927.48449,69195.0,56614.1,61091.7,63399.8,62864.4,62864.5,67946905,646.3,2.8e-05,UTC+8,"[0.0103, 0.0165, 0.1091, 0.0689, -0.0202, 1.3575]","[0.0282, 0.0056, 0.0103]"
1728737440096,BTC_USDT,62864.5,0.0103,62869.5,62904.6,608276978,3795749101.93332,69195.0,56614.1,61091.7,63399.8,62864.4,62864.5,67945221,646.4,2.8e-05,UTC+8,"[0.0103, 0.0165, 0.1091, 0.0689, -0.0202, 1.3575]","[0.0282, 0.0056, 0.0103]"
1728737442105,BTC_USDT,62864.4,0.0103,62869.4,62904.6,608277051,3795749559.2719,69195.0,56614.1,61091.7,63399.8,62864.4,62864.5,67946885,646.3,2.8e-05,UTC+8,"[0.0103, 0.0165, 0.1091, 0.0689, -0.0202, 1.3575]","[0.0282, 0.0056, 0.0103]"
1728737444106,BTC_USDT,62864.4,0.0103,62869.3,62904.6,608277073,3795749700.71691,69195.0,56614.1,61091.7,63399.8,62864.4,62864.5,67945209,646.3,2.8e-05,UTC+8,"[0.0103, 0.0165, 0.1091, 0.0689, -0.0202, 1.3575]","[0.0282, 0.0056, 0.0103]"
1728737447097,BTC_USDT,62864.4,0.0103,62869.2,62904.6,608277106,3795749908.16955,69195.0,56614.1,61091.7,63399.8,62864.4,62864.5,67946857,646.3,2.8e-05,UTC+8,"[0.0103, 0.0165, 0.1091, 0.0689, -0.0202, 1.3575]","[0.0282, 0.0056, 0.0103]"
1728737449100,BTC_USDT,62864.4,0.0103,62869.2,62904.6,608283489,3795790031.37612,69195.0,56614.1,61091.7,63399.8,62864.4,62864.5,67958236,646.3,2.8e-05,UTC+8,"[0.0103, 0.0165, 0.1091, 0.0689, -0.0202, 1.3575]","[0.0282, 0.0056, 0.0103]"
1728737451106,BTC_USDT,62864.4,0.0103,62869.1,62904.6,608283502,3795790116.24315,69195.0,56614.1,61091.7,63399.8,62864.4,62864.5,67956560,646.3,2.8e-05,UTC+8,"[0.0103, 0.0165, 0.1091, 0.0689, -0.0202, 1.3575]","[0.0282, 0.0056, 0.0103]"
1728737453104,BTC_USDT,62864.5,0.0103,62869.0,62904.6,608283573,3795790559.43779,69195.0,56614.1,61091.7,63399.8,62864.4,62864.5,67956952,646.4,2.8e-05,UTC+8,"[0.0103, 0.0165, 0.1091, 0.0689, -0.0202, 1.3575]","[0.0282, 0.0056, 0.0103]"
1728737456100,BTC_USDT,62864.5,0.0103,62868.9,62904.6,608297949,3795880933.30931,69195.0,56614.1,61091.7,63399.8,62864.4,62864.5,67960412,646.4,2.8e-05,UTC+8,"[0.0103, 0.0165, 0.1091, 0.0689, -0.0202, 1.3575]","[0.0282, 0.0056, 0.0103]"
1728737458096,BTC_USDT,62864.5,0.0103,62868.8,62904.6,608297976,3795881103.04325,69195.0,56614.1,61091.7,63399.8,62864.4,62864.5,67958747,646.4,2.8e-05,UTC+8,"[0.0103, 0.0165, 0.1091, 0.0689, -0.0202, 1.3575]","[0.0282, 0.0056, 0.0103]"
1728737460098,BTC_USDT,62864.4,0.0103,62868.8,62904.6,608298179,3795882380.76218,69195.0,56614.1,61091.7,63399.8,62864.4,62864.5,67959171,646.3,2.8e-05,UTC+8,"[0.0103, 0.0165, 0.1091, 0.0689, -0.0202, 1.3575]","[0.0282, 0.0056, 0.0103]"
1728737462087,BTC_USDT,62864.5,0.0103,62868.7,62904.6,608298206,3795882550.49628,69195.0,56614.1,61091.7,63399.8,62864.4,62864.5,67960846,646.4,2.7e-05,UTC+8,"[0.0103, 0.0165, 0.1091, 0.0689, -0.0202, 1.3575]","[0.0282, 0.0056, 0.0103]"
1728737464101,BTC_USDT,62877.0,0.0105,62876.2,62912.2,608306497,3795934682.99764,69203.4,56620.9,61091.7,63399.8,62876.9,62877.0,67977509,658.9,2.7e-05,UTC+8,"[0.0105, 0.0167, 0.1094, 0.0691, -0.02, 1.358]","[0.0284, 0.0058, 0.0105]"
1728737467097,BTC_USDT,62877.4,0.0105,62877.4,62912.3,608308794,3795949127.50155,69203.5,56621.0,61091.7,63399.8,62877.4,62877.5,67980347,659.3,2.7e-05,UTC+8,"[0.0105, 0.0167, 0.1094, 0.0691, -0.02, 1.358]","[0.0284, 0.0058, 0.0105]"
timestamp,symbol,lastPrice,riseFallRate,fairPrice,indexPrice,volume24,amount24,maxBidPrice,minAskPrice,lower24Price,high24Price,bid1,ask1,holdVol,riseFallValue,fundingRate,zone,riseFallRates,riseFallRatesOfTimezone
1728737469098,BTC_USDT,62877.4,0.0105,62877.5,62912.2,608308807,3795949207.67031,69203.4,56620.9,61091.7,63399.8,62877.4,62877.5,67980347,659.3,2.7e-05,UTC+8,"[0.0105, 0.0167, 0.1094, 0.0691, -0.02, 1.358]","[0.0284, 0.0058, 0.0105]"
1728737471102,BTC_USDT,62877.5,0.0105,62877.5,62912.2,608309485,3795953470.76454,69203.4,56620.9,61091.7,63399.8,62877.4,62877.5,67981379,659.4,2.7e-05,UTC+8,"[0.0105, 0.0167, 0.1094, 0.0691, -0.02, 1.358]","[0.0284, 0.0058, 0.0105]"
1728737473159,BTC_USDT,62877.5,0.0105,62877.5,62912.2,608309694,3795954786.47615,69203.4,56620.9,61091.7,63399.8,62877.4,62877.5,67983412,659.4,2.7e-05,UTC+8,"[0.0105, 0.0167, 0.1094, 0.0691, -0.02, 1.358]","[0.0284, 0.0058, 0.0105]"
1728737476108,BTC_USDT,62883.2,0.0106,62883.2,62915.8,608310339,3795958842.0953,69207.3,56624.2,61091.7,63399.8,62883.2,62883.3,67982961,665.1,2.7e-05,UTC+8,"[0.0106, 0.0168, 0.1095, 0.0692, -0.0199, 1.3582]","[0.0285, 0.0059, 0.0106]"
1728737478097,BTC_USDT,62883.3,0.0106,62883.3,62915.8,608310363,3795958993.01511,69207.3,56624.2,61091.7,63399.8,62883.2,62883.3,67984636,665.2,2.7e-05,UTC+8,"[0.0106, 0.0168, 0.1095, 0.0692, -0.0199, 1.3582]","[0.0285, 0.0059, 0.0106]"
1728737480104,BTC_USDT,62883.3,0.0106,62883.3,62915.8,608310430,3795959412.76095,69207.3,56624.2,61091.7,63399.8,62883.2,62883.3,67982961,665.2,2.7e-05,UTC+8,"[0.0106, 0.0168, 0.1095, 0.0692, -0.0199, 1.3582]","[0.0285, 0.0059, 0.0106]"
1728737482105,BTC_USDT,62883.3,0.0106,62883.2,62915.8,608310838,3795961978.39575,69207.3,56624.2,61091.7,63399.8,62883.2,62883.3,67985402,665.2,2.7e-05,UTC+8,"[0.0106, 0.0168, 0.1095, 0.0692, -0.0199, 1.3582]","[0.0285, 0.0059, 0.0106]"
1728737484088,BTC_USDT,62883.2,0.0106,62883.2,62915.8,608311811,3795968095.35907,69207.3,56624.2,61091.7,63399.8,62883.2,62883.3,67984508,665.1,2.7e-05,UTC+8,"[0.0106, 0.0168, 0.1095, 0.0692, -0.0199, 1.3582]","[0.0285, 0.0059, 0.0106]"
1728737487096,BTC_USDT,62883.3,0.0106,62883.2,62915.8,608312958,3795975311.20778,69207.3,56624.2,61091.7,63399.8,62883.2,62883.3,67988100,665.2,2.7e-05,UTC+8,"[0.0106, 0.0168, 0.1095, 0.0692, -0.0199, 1.3582]","[0.0285, 0.0059, 0.0106]"
1728737489096,BTC_USDT,62888.0,0.0107,62883.3,62915.9,608314486,3795984918.90876,69207.4,56624.3,61091.7,63399.8,62888.1,62888.2,67986444,669.9,2.7e-05,UTC+8,"[0.0107, 0.0169, 0.1095, 0.0693, -0.0198, 1.3584]","[0.0285, 0.006, 0.0107]"
1728737491100,BTC_USDT,62892.0,0.0108,62892.1,62921.9,608314488,3795984928.34256,69214.0,56629.7,61091.7,63399.8,62892.0,62892.1,67986444,673.9,2.7e-05,UTC+8,"[0.0108, 0.0169, 0.1096, 0.0694, -0.0198, 1.3585]","[0.0286, 0.0061, 0.0108]"
1728737493105,BTC_USDT,62892.1,0.0108,62892.1,62922.7,608316786,3795999385.66401,69214.9,56630.4,61091.7,63399.8,62892.0,62892.1,67986500,674.0,2.7e-05,UTC+8,"[0.0108, 0.0169, 0.1096, 0.0694, -0.0198, 1.3585]","[0.0286, 0.0061, 0.0108]"
timestamp,symbol,lastPrice,riseFallRate,fairPrice,indexPrice,volume24,amount24,maxBidPrice,minAskPrice,lower24Price,high24Price,bid1,ask1,holdVol,riseFallValue,fundingRate,zone,riseFallRates,riseFallRatesOfTimezone
1728737496095,BTC_USDT,62892.1,0.0108,62892.1,62924.2,608321000,3796025885.25,69216.6,56631.7,61091.7,63399.8,62899.4,62899.5,67995079,674.0,2.7e-05,UTC+8,"[0.0108, 0.0169, 0.1096, 0.0694, -0.0198, 1.3585]","[0.0286, 0.0061, 0.0108]"
1728737498090,BTC_USDT,62899.9,0.0109,62899.5,62930.1,608327171,3796064700.53557,69223.1,56637.0,61091.7,63399.8,62899.9,62900.0,67995088,681.8,2.7e-05,UTC+8,"[0.0109, 0.0171, 0.1098, 0.0695, -0.0196, 1.3588]","[0.0287, 0.0062, 0.0109]"
1728737500097,BTC_USDT,62899.9,0.0109,62899.9,62930.3,608327613,3796067483.85615,69223.3,56637.2,61091.7,63399.8,62903.2,62903.3,67995088,681.8,2.7e-05,UTC+8,"[0.0109, 0.0171, 0.1098, 0.0695, -0.0196, 1.3588]","[0.0287, 0.0062, 0.0109]"
1728737502104,BTC_USDT,62906.4,0.011,62903.3,62934.9,608329977,3796082349.9033,69228.3,56641.4,61091.7,63399.8,62906.8,62906.9,67999913,688.3,2.7e-05,UTC+8,"[0.011, 0.0172, 0.1099, 0.0696, -0.0195, 1.3591]","[0.0288, 0.0063, 0.011]"
1728737504121,BTC_USDT,62905.1,0.011,62906.8,62934.9,608349579,3796205662.03389,69228.3,56641.4,61091.7,63399.8,62905.0,62905.1,68036753,687.0,2.7e-05,UTC+8,"[0.011, 0.0171, 0.1099, 0.0696, -0.0196, 1.359]","[0.0288, 0.0063, 0.011]"
1728737507101,BTC_USDT,62905.1,0.011,62905.1,62934.9,608352100,3796221518.83677,69228.3,56641.4,61091.7,63399.8,62905.0,62905.1,68036765,687.0,2.7e-05,UTC+8,"[0.011, 0.0171, 0.1099, 0.0696, -0.0196, 1.359]","[0.0288, 0.0063, 0.011]"
1728737509101,BTC_USDT,62905.1,0.011,62905.1,62934.9,608357787,3796257289.80718,69228.3,56641.4,61091.7,63399.8,62905.0,62905.1,68047853,687.0,2.7e-05,UTC+8,"[0.011, 0.0171, 0.1099, 0.0696, -0.0196, 1.359]","[0.0288, 0.0063, 0.011]"
1728737511111,BTC_USDT,62905.0,0.011,62905.0,62934.8,608358264,3796260295.09822,69228.2,56641.3,61091.7,63399.8,62905.0,62905.1,68046178,686.9,2.7e-05,UTC+8,"[0.011, 0.0171, 0.1098, 0.0696, -0.0196, 1.359]","[0.0288, 0.0063, 0.011]"
1728737513106,BTC_USDT,62905.1,0.011,62905.1,62934.9,608358302,3796260530.99229,69228.3,56641.4,61091.7,63399.8,62905.0,62905.1,68047889,687.0,2.7e-05,UTC+8,"[0.011, 0.0171, 0.1099, 0.0696, -0.0196, 1.359]","[0.0288, 0.0063, 0.011]"
1728737516109,BTC_USDT,62905.0,0.011,62905.1,62934.9,608358711,3796263106.95592,69228.3,56641.4,61091.7,63399.8,62905.0,62905.1,68046703,686.9,2.7e-05,UTC+8,"[0.011, 0.0171, 0.1098, 0.0696, -0.0196, 1.359]","[0.0288, 0.0063, 0.011]"
1728737518095,BTC_USDT,62905.1,0.011,62905.1,62934.8,608360535,3796274580.84577,69228.2,56641.3,61091.7,63399.8,62905.0,62905.1,68050092,687.0,2.7e-05,UTC+8,"[0.011, 0.0171, 0.1099, 0.0696, -0.0196, 1.359]","[0.0288, 0.0063, 0.011]"
1728737520096,BTC_USDT,62905.0,0.011,62905.0,62934.8,608366411,3796311540.73282,69228.2,56641.3,61091.7,63399.8,62905.0,62905.1,68063774,686.9,2.7e-05,UTC+8,"[0.011, 0.0171, 0.1098, 0.0696, -0.0196, 1.359]","[0.0288, 0.0063, 0.011]"
1728737522097,BTC_USDT,62905.0,0.011,62905.1,62934.8,608366430,3796311658.67981,69228.2,56641.3,61091.7,63399.8,62905.0,62905.1,68062107,686.9,2.7e-05,UTC+8,"[0.011, 0.0171, 0.1098, 0.0696, -0.0196, 1.359]","[0.0288, 0.0063, 0.011]"
1728737524098,BTC_USDT,62905.0,0.011,62905.0,62934.8,608366526,3796312262.56869,69228.2,56641.3,61091.7,63399.8,62905.0,62905.1,68063789,686.9,2.7e-05,UTC+8,"[0.011, 0.0171, 0.1098, 0.0696, -0.0196, 1.359]","[0.0288, 0.0063, 0.011]"
1728737527101,BTC_USDT,62905.1,0.011,62905.1,62934.9,608369449,3796330652.87456,69228.3,56641.4,61091.7,63399.8,62905.0,62905.1,68064096,687.0,2.7e-05,UTC+8,"[0.011, 0.0171, 0.1099, 0.0696, -0.0196, 1.359]","[0.0288, 0.0063, 0.011]"
timestamp,symbol,lastPrice,riseFallRate,fairPrice,indexPrice,volume24,amount24,maxBidPrice,minAskPrice,lower24Price,high24Price,bid1,ask1,holdVol,riseFallValue,fundingRate,zone,riseFallRates,riseFallRatesOfTimezone
1728737529101,BTC_USDT,62906.8,0.011,62906.8,62937.8,608393266,3796480477.40253,69231.5,56644.0,61091.7,63399.8,62906.7,62906.8,68089231,688.7,2.7e-05,UTC+8,"[0.011, 0.0172, 0.1099, 0.0696, -0.0195, 1.3591]","[0.0288, 0.0063, 0.011]"
1728737531103,BTC_USDT,62908.7,0.011,62908.0,62938.2,608415716,3796621704.31335,69232.0,56644.3,61091.7,63399.8,62908.6,62908.7,68087556,690.6,2.7e-05,UTC+8,"[0.011, 0.0172, 0.1099, 0.0697, -0.0195, 1.3591]","[0.0289, 0.0063, 0.011]"
1728737533103,BTC_USDT,62909.7,0.0111,62909.7,62939.4,608421704,3796659373.98481,69233.3,56645.4,61091.7,63399.8,62909.7,62909.8,68087567,691.6,2.7e-05,UTC+8,"[0.0111, 0.0172, 0.1099, 0.0697, -0.0195, 1.3592]","[0.0289, 0.0064, 0.0111]"
1728737536095,BTC_USDT,62909.7,0.0111,62909.7,62939.5,608445754,3796810673.39366,69233.4,56645.5,61091.7,63399.8,62909.7,62910.8,68091977,691.6,2.7e-05,UTC+8,"[0.0111, 0.0172, 0.1099, 0.0697, -0.0195, 1.3592]","[0.0289, 0.0064, 0.0111]"
1728737538099,BTC_USDT,62919.4,0.0112,62919.3,62943.9,608490673,3797093293.55336,69238.2,56649.5,61091.7,63399.8,62920.0,62920.1,68091187,701.3,2.7e-05,UTC+8,"[0.0112, 0.0174, 0.1101, 0.0699, -0.0193, 1.3595]","[0.0291, 0.0065, 0.0112]"
1728737540108,BTC_USDT,62921.7,0.0113,62920.1,62950.1,608493142,3797108828.51704,69245.1,56655.0,61091.7,63399.8,62922.4,62922.5,68093431,703.6,2.7e-05,UTC+8,"[0.0113, 0.0174, 0.1101, 0.0699, -0.0193, 1.3596]","[0.0291, 0.0066, 0.0113]"
1728737542103,BTC_USDT,62922.5,0.0113,62922.5,62950.1,608510847,3797220229.58129,69245.1,56655.0,61091.7,63399.8,62922.4,62922.5,67943524,704.4,2.7e-05,UTC+8,"[0.0113, 0.0174, 0.1102, 0.0699, -0.0193, 1.3597]","[0.0291, 0.0066, 0.0113]"
1728737544094,BTC_USDT,62922.5,0.0113,62922.4,62950.1,608511697,3797225581.13755,69245.1,56655.0,61091.7,63399.8,62922.4,62922.5,67943574,704.4,2.7e-05,UTC+8,"[0.0113, 0.0174, 0.1102, 0.0699, -0.0193, 1.3597]","[0.0291, 0.0066, 0.0113]"
1728737547103,BTC_USDT,62922.5,0.0113,62922.4,62950.4,608512390,3797229941.66636,69245.4,56655.3,61091.7,63399.8,62922.4,62922.5,67943763,704.4,2.7e-05,UTC+8,"[0.0113, 0.0174, 0.1102, 0.0699, -0.0193, 1.3597]","[0.0291, 0.0066, 0.0113]"
1728737549095,BTC_USDT,62922.5,0.0113,62922.4,62950.4,608516079,3797253150.63037,69245.4,56655.3,61091.7,63399.8,62922.4,62922.5,67939864,704.4,2.7e-05,UTC+8,"[0.0113, 0.0174, 0.1102, 0.0699, -0.0193, 1.3597]","[0.0291, 0.0066, 0.0113]"
1728737551104,BTC_USDT,62922.4,0.0113,62922.4,62951.3,608517129,3797259762.21156,69246.4,56656.1,61091.7,63399.8,62922.4,62922.5,67943246,704.3,2.7e-05,UTC+8,"[0.0113, 0.0174, 0.1102, 0.0699, -0.0193, 1.3597]","[0.0291, 0.0066, 0.0113]"
1728737553095,BTC_USDT,62922.4,0.0113,62922.5,62952.6,608519060,3797271909.39698,69247.8,56657.3,61091.7,63399.8,62922.4,62922.5,67943962,704.3,2.7e-05,UTC+8,"[0.0113, 0.0174, 0.1102, 0.0699, -0.0193, 1.3597]","[0.0291, 0.0066, 0.0113]"
timestamp,symbol,lastPrice,riseFallRate,fairPrice,indexPrice,volume24,amount24,maxBidPrice,minAskPrice,lower24Price,high24Price,bid1,ask1,holdVol,riseFallValue,fundingRate,zone,riseFallRates,riseFallRatesOfTimezone
1728737556107,BTC_USDT,62924.9,0.0113,62922.4,62955.8,608539604,3797401177.19777,69251.3,56660.2,61091.7,63399.8,62926.1,62926.2,67962089,706.8,2.7e-05,UTC+8,"[0.0113, 0.0175, 0.1102, 0.0699, -0.0192, 1.3598]","[0.0291, 0.0066, 0.0113]"
1728737558098,BTC_USDT,62929.7,0.0114,62929.7,62957.7,608551892,3797478503.46805,69253.4,56661.9,61091.7,63399.8,62929.9,62930,67970343,711.6,2.7e-05,UTC+8,"[0.0114, 0.0175, 0.1103, 0.07, -0.0192, 1.3599]","[0.0292, 0.0067, 0.0114]"
1728737560106,BTC_USDT,62930.0,0.0114,62929.9,62957.7,608553008,3797485526.45532,69253.4,56661.9,61091.7,63399.8,62929.9,62930,67969227,711.9,2.7e-05,UTC+8,"[0.0114, 0.0175, 0.1103, 0.07, -0.0192, 1.3599]","[0.0292, 0.0067, 0.0114]"
1728737562102,BTC_USDT,62929.9,0.0114,62929.9,62957.5,608558826,3797522142.22748,69253.2,56661.7,61091.7,63399.8,62929.9,62930,67970223,711.8,2.7e-05,UTC+8,"[0.0114, 0.0175, 0.1103, 0.07, -0.0192, 1.3599]","[0.0292, 0.0067, 0.0114]"
1728737565129,BTC_USDT,62923.9,0.0113,62924.0,62957.3,608562959,3797548146.71871,69253.0,56661.5,61091.7,63399.8,62923.9,62924.0,67972786,705.8,2.7e-05,UTC+8,"[0.0113, 0.0174, 0.1102, 0.0699, -0.0193, 1.3597]","[0.0291, 0.0066, 0.0113]"
1728737567096,BTC_USDT,62923.8,0.0113,62923.8,62957.3,608574203,3797618898.25389,69253.0,56661.5,61091.7,63399.8,62923.8,62923.9,67992088,705.7,2.7e-05,UTC+8,"[0.0113, 0.0174, 0.1102, 0.0699, -0.0193, 1.3597]","[0.0291, 0.0066, 0.0113]"
1728737569102,BTC_USDT,62923.9,0.0113,62923.9,62957.3,608574349,3797619818.51582,69253.0,56661.5,61091.7,63399.8,62923.8,62923.9,68004898,705.8,2.7e-05,UTC+8,"[0.0113, 0.0174, 0.1102, 0.0699, -0.0193, 1.3597]","[0.0291, 0.0066, 0.0113]"
1728737571104,BTC_USDT,62923.8,0.0113,62923.8,62957.6,608586111,3797693826.41565,69253.3,56661.8,61091.7,63399.8,62923.8,62923.9,68013691,705.7,2.7e-05,UTC+8,"[0.0113, 0.0174, 0.1102, 0.0699, -0.0193, 1.3597]","[0.0291, 0.0066, 0.0113]"
1728737573108,BTC_USDT,62926.3,0.0113,62923.9,62957.6,608595049,3797750071.04619,69253.3,56661.8,61091.7,63399.8,62926.3,62926.4,68025799,708.2,2.7e-05,UTC+8,"[0.0113, 0.0175, 0.1102, 0.07, -0.0192, 1.3598]","[0.0292, 0.0066, 0.0113]"
1728737576101,BTC_USDT,62926.4,0.0113,62926.4,62957.6,608596193,3797757268.25319,69253.3,56661.8,61091.7,63399.8,62926.3,62926.4,68025710,708.3,2.7e-05,UTC+8,"[0.0113, 0.0175, 0.1102, 0.07, -0.0192, 1.3598]","[0.0292, 0.0066, 0.0113]"
1728737578101,BTC_USDT,62930.9,0.0114,62926.4,62957.7,608603742,3797804769.74557,69253.4,56661.9,61091.7,63399.8,62930.8,62930.9,68042811,712.8,2.7e-05,UTC+8,"[0.0114, 0.0176, 0.1103, 0.07, -0.0192, 1.36]","[0.0292, 0.0067, 0.0114]"
1728737580102,BTC_USDT,62927.8,0.0114,62927.8,62957.6,608604582,3797810055.74112,69253.3,56661.8,61091.7,63399.8,62927.7,62927.8,68042297,709.7,2.7e-05,UTC+8,"[0.0114, 0.0175, 0.1103, 0.07, -0.0192, 1.3599]","[0.0292, 0.0066, 0.0114]"
1728737582092,BTC_USDT,62927.0,0.0113,62927.5,62957.5,608606199,3797820231.11175,69253.2,56661.7,61091.7,63399.8,62927.0,62927.1,67946906,708.9,2.6e-05,UTC+8,"[0.0113, 0.0175, 0.1102, 0.07, -0.0192, 1.3598]","[0.0292, 0.0066, 0.0113]"
1728737585100,BTC_USDT,62931.5,0.0114,62933.6,62967.7,608618064,3797894899.47435,69264.4,56670.9,61091.7,63399.8,62938.8,62938.9,67957672,713.4,2.6e-05,UTC+8,"[0.0114, 0.0176, 0.1103, 0.0701, -0.0191, 1.36]","[0.0293, 0.0067, 0.0114]"
1728737587099,BTC_USDT,62950.3,0.0117,62953.1,62987.3,608693745,3798371292.07956,69286.0,56688.5,61091.7,63399.8,62950.2,62950.3,67960552,732.2,2.6e-05,UTC+8,"[0.0117, 0.0179, 0.1106, 0.0704, -0.0189, 1.3607]","[0.0296, 0.007, 0.0117]"
timestamp,symbol,lastPrice,riseFallRate,fairPrice,indexPrice,volume24,amount24,maxBidPrice,minAskPrice,lower24Price,high24Price,bid1,ask1,holdVol,riseFallValue,fundingRate,zone,riseFallRates,riseFallRatesOfTimezone
1728737589107,BTC_USDT,62952.5,0.0118,62953.1,62987.3,608701617,3798420847.49709,69286.0,56688.5,61091.7,63399.8,62952.4,62952.5,67973704,734.4,2.6e-05,UTC+8,"[0.0118, 0.0179, 0.1107, 0.0704, -0.0188, 1.3608]","[0.0296, 0.007, 0.0118]"
1728737591096,BTC_USDT,62952.5,0.0118,62953.0,62987.3,608763807,3798812349.09165,69286.0,56688.5,61091.7,63399.8,62952.4,62952.5,68096465,734.4,2.6e-05,UTC+8,"[0.0118, 0.0179, 0.1107, 0.0704, -0.0188, 1.3608]","[0.0296, 0.007, 0.0118]"
1728737593098,BTC_USDT,62952.5,0.0118,62953.0,62987.3,608770551,3798854799.53029,69286.0,56688.5,61091.7,63399.8,62952.4,62952.5,68099898,734.4,2.6e-05,UTC+8,"[0.0118, 0.0179, 0.1107, 0.0704, -0.0188, 1.3608]","[0.0296, 0.007, 0.0118]"
1728737596123,BTC_USDT,62952.5,0.0118,62953.0,62987.3,608773038,3798870460.53741,69286.0,56688.5,61091.7,63399.8,62952.4,62952.5,68104299,734.4,2.6e-05,UTC+8,"[0.0118, 0.0179, 0.1107, 0.0704, -0.0188, 1.3608]","[0.0296, 0.007, 0.0118]"
1728737598096,BTC_USDT,62952.5,0.0118,62952.5,62983.2,608812239,3799117240.63257,69281.5,56684.8,61091.7,63399.8,62952.4,62952.5,68183609,734.4,2.6e-05,UTC+8,"[0.0118, 0.0179, 0.1107, 0.0704, -0.0188, 1.3608]","[0.0296, 0.007, 0.0118]"
1728737600106,BTC_USDT,62952.4,0.0118,62952.4,62983.2,608858878,3799410842.75799,69281.5,56684.8,61091.7,63399.8,62952.4,62952.5,68184690,734.3,2.6e-05,UTC+8,"[0.0118, 0.0179, 0.1107, 0.0704, -0.0188, 1.3608]","[0.0296, 0.007, 0.0118]"
1728737602101,BTC_USDT,62952.4,0.0118,62952.4,62983.3,608972049,3800123279.32308,69281.6,56684.9,61091.7,63399.8,62952.4,62952.5,68406259,734.3,2.6e-05,UTC+8,"[0.0118, 0.0179, 0.1107, 0.0704, -0.0188, 1.3608]","[0.0296, 0.007, 0.0118]"
1728737605105,BTC_USDT,62952.4,0.0118,62952.5,62985.0,608979115,3800167764.70257,69283.5,56686.5,61091.7,63399.8,62952.4,62952.5,68235933,734.3,2.6e-05,UTC+8,"[0.0118, 0.0179, 0.1107, 0.0704, -0.0188, 1.3608]","[0.0296, 0.007, 0.0118]"
1728737607086,BTC_USDT,62954.9,0.0118,62955.0,62986.1,608991639,3800246610.1995,69284.7,56687.4,61091.7,63399.8,62954.9,62955.0,68254007,736.8,2.6e-05,UTC+8,"[0.0118, 0.0179, 0.1107, 0.0705, -0.0188, 1.3609]","[0.0296, 0.0071, 0.0118]"
1728737609095,BTC_USDT,62955.7,0.0118,62955.6,62987.5,608997193,3800281573.86944,69286.2,56688.7,61091.7,63399.8,62955.6,62955.7,68265341,737.6,2.6e-05,UTC+8,"[0.0118, 0.018, 0.1107, 0.0705, -0.0188, 1.3609]","[0.0296, 0.0071, 0.0118]"
1728737611101,BTC_USDT,62957.5,0.0118,62957.6,62990.5,609002566,3800315399.99356,69289.5,56691.4,61091.7,63399.8,62957.5,62957.6,68271504,739.4,2.6e-05,UTC+8,"[0.0118, 0.018, 0.1108, 0.0705, -0.0187, 1.361]","[0.0297, 0.0071, 0.0118]"
1728737613105,BTC_USDT,62957.6,0.0118,62957.6,62990.5,609003516,3800321382.53575,69289.5,56691.4,61091.7,63399.8,62957.5,62957.6,68271065,739.5,2.6e-05,UTC+8,"[0.0118, 0.018, 0.1108, 0.0705, -0.0187, 1.361]","[0.0297, 0.0071, 0.0118]"
timestamp,symbol,lastPrice,riseFallRate,fairPrice,indexPrice,volume24,amount24,maxBidPrice,minAskPrice,lower24Price,high24Price,bid1,ask1,holdVol,riseFallValue,fundingRate,zone,riseFallRates,riseFallRatesOfTimezone
1728737616105,BTC_USDT,62957.5,0.0118,62957.5,62990.4,609004701,3800328843.00874,69289.4,56691.3,61091.7,63399.8,62957.5,62957.6,68273294,739.4,2.6e-05,UTC+8,"[0.0118, 0.018, 0.1108, 0.0705, -0.0187, 1.361]","[0.0297, 0.0071, 0.0118]"
1728737618094,BTC_USDT,62958.5,0.0119,62960.3,62994.2,609013798,3800386114.69959,69293.6,56694.7,61091.7,63399.8,62958.4,62958.5,68288668,740.4,2.6e-05,UTC+8,"[0.0119, 0.018, 0.1108, 0.0705, -0.0187, 1.361]","[0.0297, 0.0071, 0.0119]"
1728737620103,BTC_USDT,62960.9,0.0119,62961.1,62994.9,609023927,3800449885.5565,69294.3,56695.4,61091.7,63399.8,62960.9,62961.0,68308215,742.8,2.6e-05,UTC+8,"[0.0119, 0.018, 0.1108, 0.0706, -0.0187, 1.3611]","[0.0297, 0.0072, 0.0119]"
1728737622101,BTC_USDT,62961.0,0.0119,62961.0,62994.6,609074091,3800765726.19082,69294.0,56695.1,61091.7,63399.8,62960.9,62961.0,68409590,742.9,2.6e-05,UTC+8,"[0.0119, 0.018, 0.1108, 0.0706, -0.0187, 1.3611]","[0.0297, 0.0072, 0.0119]"
1728737624098,BTC_USDT,62960.9,0.0119,62960.9,62994.6,609077184,3800785200.01712,69294.0,56695.1,61091.7,63399.8,62960.9,62961.0,68409762,742.8,2.6e-05,UTC+8,"[0.0119, 0.018, 0.1108, 0.0706, -0.0187, 1.3611]","[0.0297, 0.0072, 0.0119]"
1728737627129,BTC_USDT,62953.1,0.0118,62955.9,62987.6,609108264,3800980867.6641,69286.3,56688.8,61091.7,63399.8,62953.0,62953.1,68397541,735.0,2.6e-05,UTC+8,"[0.0118, 0.0179, 0.1107, 0.0704, -0.0188, 1.3608]","[0.0296, 0.0071, 0.0118]"
1728737629099,BTC_USDT,62952.5,0.0118,62953.4,62987.3,609123586,3801077322.27039,69286.0,56688.5,61091.7,63399.8,62952.4,62952.5,68416040,734.4,2.6e-05,UTC+8,"[0.0118, 0.0179, 0.1107, 0.0704, -0.0188, 1.3608]","[0.0296, 0.007, 0.0118]"
1728737631104,BTC_USDT,62952.4,0.0118,62953.4,62987.3,609126768,3801097350.59328,69286.0,56688.5,61091.7,63399.8,62952.4,62952.5,68419070,734.3,2.6e-05,UTC+8,"[0.0118, 0.0179, 0.1107, 0.0704, -0.0188, 1.3608]","[0.0296, 0.007, 0.0118]"
1728737633104,BTC_USDT,62952.4,0.0118,62953.5,62987.4,609130887,3801123280.72688,69286.1,56688.6,61091.7,63399.8,62952.4,62952.5,68425076,734.3,2.6e-05,UTC+8,"[0.0118, 0.0179, 0.1107, 0.0704, -0.0188, 1.3608]","[0.0296, 0.007, 0.0118]"
1728737636109,BTC_USDT,62952.4,0.0118,62953.5,62987.4,609142635,3801197241.93371,69286.1,56688.6,61091.7,63399.8,62952.4,62952.5,68441687,734.3,2.6e-05,UTC+8,"[0.0118, 0.0179, 0.1107, 0.0704, -0.0188, 1.3608]","[0.0296, 0.007, 0.0118]"
1728737638096,BTC_USDT,62952.5,0.0118,62953.5,62987.4,609142818,3801198393.96434,69286.1,56688.6,61091.7,63399.8,62952.4,62952.5,68442548,734.4,2.6e-05,UTC+8,"[0.0118, 0.0179, 0.1107, 0.0704, -0.0188, 1.3608]","[0.0296, 0.007, 0.0118]"
1728737640094,BTC_USDT,62952.5,0.0118,62953.4,62987.4,609145659,3801216274.02471,69286.1,56688.6,61091.7,63399.8,62952.4,62952.5,68444248,734.4,2.6e-05,UTC+8,"[0.0118, 0.0179, 0.1107, 0.0704, -0.0188, 1.3608]","[0.0296, 0.007, 0.0118]"
1728737642090,BTC_USDT,62952.5,0.0118,62953.4,62987.4,609162025,3801319305.07029,69286.1,56688.6,61091.7,63399.8,62952.4,62952.5,68476129,734.4,2.7e-05,UTC+8,"[0.0118, 0.0179, 0.1107, 0.0704, -0.0188, 1.3608]","[0.0296, 0.007, 0.0118]"
1728737645103,BTC_USDT,62952.4,0.0118,62953.4,62987.4,609162699,3801323549.64052,69286.1,56688.6,61091.7,63399.8,62952.4,62952.5,68378693,734.3,2.7e-05,UTC+8,"[0.0118, 0.0179, 0.1107, 0.0704, -0.0188, 1.3608]","[0.0296, 0.007, 0.0118]"
1728737647101,BTC_USDT,62952.4,0.0118,62953.5,62987.5,609162719,3801323672.39788,69286.2,56688.7,61091.7,63399.8,62952.4,62952.5,68378812,734.3,2.7e-05,UTC+8,"[0.0118, 0.0179, 0.1107, 0.0704, -0.0188, 1.3608]","[0.0296, 0.007, 0.0118]"
timestamp,symbol,lastPrice,riseFallRate,fairPrice,indexPrice,volume24,amount24,maxBidPrice,minAskPrice,lower24Price,high24Price,bid1,ask1,holdVol,riseFallValue,fundingRate,zone,riseFallRates,riseFallRatesOfTimezone
1728737649095,BTC_USDT,62952.5,0.0118,62953.5,62987.5,609163137,3801326302.23771,69286.2,56688.7,61091.7,63399.8,62952.4,62952.5,68377797,734.4,2.7e-05,UTC+8,"[0.0118, 0.0179, 0.1107, 0.0704, -0.0188, 1.3608]","[0.0296, 0.007, 0.0118]"
1728737651101,BTC_USDT,62952.4,0.0118,62953.4,62987.5,609164332,3801333828.20372,69286.2,56688.7,61091.7,63399.8,62952.4,62952.5,68379061,734.3,2.7e-05,UTC+8,"[0.0118, 0.0179, 0.1107, 0.0704, -0.0188, 1.3608]","[0.0296, 0.007, 0.0118]"
1728737653098,BTC_USDT,62952.4,0.0118,62953.4,62987.5,609165900,3801343700.72946,69286.2,56688.7,61091.7,63399.8,62952.4,62952.5,68382255,734.3,2.7e-05,UTC+8,"[0.0118, 0.0179, 0.1107, 0.0704, -0.0188, 1.3608]","[0.0296, 0.007, 0.0118]"
1728737656098,BTC_USDT,62952.5,0.0118,62953.5,62987.5,609171707,3801380254.05529,69286.2,56688.7,61091.7,63399.8,62952.4,62952.5,68376077,734.4,2.7e-05,UTC+8,"[0.0118, 0.0179, 0.1107, 0.0704, -0.0188, 1.3608]","[0.0296, 0.007, 0.0118]"
1728737658095,BTC_USDT,62952.5,0.0118,62953.5,62987.5,609172354,3801384328.65574,69286.2,56688.7,61091.7,63399.8,62952.4,62952.5,68377980,734.4,2.7e-05,UTC+8,"[0.0118, 0.0179, 0.1107, 0.0704, -0.0188, 1.3608]","[0.0296, 0.007, 0.0118]"
1728737660103,BTC_USDT,62952.5,0.0118,62953.6,62987.5,609172420,3801384744.142,69286.2,56688.7,61091.7,63399.8,62952.4,62952.5,68377980,734.4,2.7e-05,UTC+8,"[0.0118, 0.0179, 0.1107, 0.0704, -0.0188, 1.3608]","[0.0296, 0.007, 0.0118]"
1728737662096,BTC_USDT,62952.4,0.0118,62953.6,62987.5,609172783,3801387029.31419,69286.2,56688.7,61091.7,63399.8,62952.4,62952.5,68377495,734.3,2.7e-05,UTC+8,"[0.0118, 0.0179, 0.1107, 0.0704, -0.0188, 1.3608]","[0.0296, 0.007, 0.0118]"
1728737665101,BTC_USDT,62952.4,0.0118,62953.6,62987.5,609176809,3801412373.95316,69286.2,56688.7,61091.7,63399.8,62952.4,62952.5,68377775,734.3,2.7e-05,UTC+8,"[0.0118, 0.0179, 0.1107, 0.0704, -0.0188, 1.3608]","[0.0296, 0.007, 0.0118]"
1728737667099,BTC_USDT,62952.4,0.0118,62953.5,62987.4,609196117,3801533922.60027,69286.1,56688.6,61091.7,63399.8,62952.4,62952.5,68400050,734.3,2.7e-05,UTC+8,"[0.0118, 0.0179, 0.1107, 0.0704, -0.0188, 1.3608]","[0.0296, 0.007, 0.0118]"
1728737669087,BTC_USDT,62952.4,0.0118,62953.5,62987.4,609199647,3801556141.65294,69286.1,56688.6,61091.7,63399.8,62952.4,62952.5,68404722,734.3,2.7e-05,UTC+8,"[0.0118, 0.0179, 0.1107, 0.0704, -0.0188, 1.3608]","[0.0296, 0.007, 0.0118]"
1728737671103,BTC_USDT,62952.4,0.0118,62953.5,62987.4,609221283,3801692350.4018,69286.1,56688.6,61091.7,63399.8,62952.4,62952.5,68406398,734.3,2.7e-05,UTC+8,"[0.0118, 0.0179, 0.1107, 0.0704, -0.0188, 1.3608]","[0.0296, 0.007, 0.0118]"
1728737673103,BTC_USDT,62952.4,0.0118,62953.5,62987.4,609221309,3801692510.93056,69286.1,56688.6,61091.7,63399.8,62952.4,62952.5,68404739,734.3,2.7e-05,UTC+8,"[0.0118, 0.0179, 0.1107, 0.0704, -0.0188, 1.3608]","[0.0296, 0.007, 0.0118]"
timestamp,symbol,lastPrice,riseFallRate,fairPrice,indexPrice,volume24,amount24,maxBidPrice,minAskPrice,lower24Price,high24Price,bid1,ask1,holdVol,riseFallValue,fundingRate,zone,riseFallRates,riseFallRatesOfTimezone
1728737676100,BTC_USDT,62952.5,0.0118,62953.5,62987.4,609221847,3801695896.1961,69286.1,56688.6,61091.7,63399.8,62952.4,62952.5,68404739,734.4,2.7e-05,UTC+8,"[0.0118, 0.0179, 0.1107, 0.0704, -0.0188, 1.3608]","[0.0296, 0.007, 0.0118]"
1728737678101,BTC_USDT,62952.5,0.0118,62953.5,62987.4,609221885,3801696136.98912,69286.1,56688.6,61091.7,63399.8,62952.4,62952.5,68404736,734.4,2.7e-05,UTC+8,"[0.0118, 0.0179, 0.1107, 0.0704, -0.0188, 1.3608]","[0.0296, 0.007, 0.0118]"
1728737680104,BTC_USDT,62952.5,0.0118,62953.5,62987.4,609222376,3801699229.52765,69286.1,56688.6,61091.7,63399.8,62952.4,62952.5,68404742,734.4,2.7e-05,UTC+8,"[0.0118, 0.0179, 0.1107, 0.0704, -0.0188, 1.3608]","[0.0296, 0.007, 0.0118]"
1728737682100,BTC_USDT,62952.4,0.0118,62953.5,62987.4,609225652,3801719852.76558,69286.1,56688.6,61091.7,63399.8,62952.4,62952.5,68409384,734.3,2.7e-05,UTC+8,"[0.0118, 0.0179, 0.1107, 0.0704, -0.0188, 1.3608]","[0.0296, 0.007, 0.0118]"
1728737685105,BTC_USDT,62952.5,0.0118,62953.6,62987.5,609235552,3801782175.71861,69286.2,56688.7,61091.7,63399.8,62952.4,62952.5,68412049,734.4,2.7e-05,UTC+8,"[0.0118, 0.0179, 0.1107, 0.0704, -0.0188, 1.3608]","[0.0296, 0.007, 0.0118]"
1728737687105,BTC_USDT,62952.5,0.0118,62953.6,62987.5,609236484,3801788044.4615,69286.2,56688.7,61091.7,63399.8,62952.4,62952.5,68413158,734.4,2.7e-05,UTC+8,"[0.0118, 0.0179, 0.1107, 0.0704, -0.0188, 1.3608]","[0.0296, 0.007, 0.0118]"
1728737689104,BTC_USDT,62952.4,0.0118,62953.7,62987.6,609236551,3801788464.66884,69286.3,56688.8,61091.7,63399.8,62952.4,62952.5,68413281,734.3,2.7e-05,UTC+8,"[0.0118, 0.0179, 0.1107, 0.0704, -0.0188, 1.3608]","[0.0296, 0.007, 0.0118]"
1728737691103,BTC_USDT,62952.5,0.0118,62953.7,62987.6,609326382,3802353970.12285,69286.3,56688.8,61091.7,63399.8,62952.4,62952.5,68592328,734.4,2.7e-05,UTC+8,"[0.0118, 0.0179, 0.1107, 0.0704, -0.0188, 1.3608]","[0.0296, 0.007, 0.0118]"
1728737693099,BTC_USDT,62952.5,0.0118,62953.7,62987.6,609331972,3802389163.67277,69286.3,56688.8,61091.7,63399.8,62952.4,62952.5,68602323,734.4,2.7e-05,UTC+8,"[0.0118, 0.0179, 0.1107, 0.0704, -0.0188, 1.3608]","[0.0296, 0.007, 0.0118]"
1728737696102,BTC_USDT,62952.4,0.0118,62953.7,62987.6,609332197,3802390580.1027,69286.3,56688.8,61091.7,63399.8,62952.4,62952.5,68600835,734.3,2.7e-05,UTC+8,"[0.0118, 0.0179, 0.1107, 0.0704, -0.0188, 1.3608]","[0.0296, 0.007, 0.0118]"
1728737698091,BTC_USDT,62952.5,0.0118,62953.7,62987.6,609332574,3802392950.26424,69286.3,56688.8,61091.7,63399.8,62952.4,62952.5,68603243,734.4,2.7e-05,UTC+8,"[0.0118, 0.0179, 0.1107, 0.0704, -0.0188, 1.3608]","[0.0296, 0.007, 0.0118]"
1728737700136,BTC_USDT,62952.4,0.0118,62953.7,62987.6,609334408,3802404498.8999,69286.3,56688.8,61091.7,63399.8,62952.4,62952.5,68603499,734.3,2.7e-05,UTC+8,"[0.0118, 0.0179, 0.1107, 0.0704, -0.0188, 1.3608]","[0.0296, 0.007, 0.0118]"
1728737702084,BTC_USDT,62952.5,0.0118,62953.7,62987.6,609334585,3802405613.15745,69286.3,56688.8,61091.7,63399.8,62952.4,62952.5,68602413,734.4,2.7e-05,UTC+8,"[0.0118, 0.0179, 0.1107, 0.0704, -0.0188, 1.3608]","[0.0296, 0.007, 0.0118]"
1728737705093,BTC_USDT,62955.9,0.0118,62955.9,62989.1,609348936,3802495958.112,69288.0,56690.1,61091.7,63399.8,62955.9,62956.0,68561325,737.8,2.7e-05,UTC+8,"[0.0118, 0.018, 0.1107, 0.0705, -0.0188, 1.3609]","[0.0297, 0.0071, 0.0118]"
1728737707097,BTC_USDT,62957.0,0.0118,62956.0,62989.2,609371528,3802638186.30993,69288.1,56690.2,61091.7,63399.8,62956.9,62957.0,68573508,738.9,2.7e-05,UTC+8,"[0.0118, 0.018, 0.1108, 0.0705, -0.0187, 1.361]","[0.0297, 0.0071, 0.0118]"
timestamp,symbol,lastPrice,riseFallRate,fairPrice,indexPrice,volume24,amount24,maxBidPrice,minAskPrice,lower24Price,high24Price,bid1,ask1,holdVol,riseFallValue,fundingRate,zone,riseFallRates,riseFallRatesOfTimezone
1728737709092,BTC_USDT,62957.6,0.0118,62957.0,62989.2,609378919,3802684719.33207,69288.1,56690.2,61091.7,63399.8,62957.5,62957.6,68575240,739.5,2.7e-05,UTC+8,"[0.0118, 0.018, 0.1108, 0.0705, -0.0187, 1.361]","[0.0297, 0.0071, 0.0118]"
1728737711126,BTC_USDT,62957.6,0.0118,62957.5,62989.1,609379507,3802688421.23884,69288.0,56690.1,61091.7,63399.8,62957.5,62957.6,68574744,739.5,2.7e-05,UTC+8,"[0.0118, 0.018, 0.1108, 0.0705, -0.0187, 1.361]","[0.0297, 0.0071, 0.0118]"
1728737713098,BTC_USDT,62959.1,0.0119,62959.2,62990.6,609380048,3802691825.67468,69289.6,56691.5,61091.7,63399.8,62959.1,62959.2,68575507,741.0,2.7e-05,UTC+8,"[0.0119, 0.018, 0.1108, 0.0705, -0.0187, 1.361]","[0.0297, 0.0072, 0.0119]"
1728737716096,BTC_USDT,62979.4,0.0122,62973.0,62995.8,609442875,3803087435.25921,69295.3,56696.2,61091.7,63399.8,62979.3,62979.4,68602863,761.3,2.7e-05,UTC+8,"[0.0122, 0.0183, 0.1112, 0.0709, -0.0184, 1.3618]","[0.03, 0.0075, 0.0122]"
1728737718092,BTC_USDT,62986.4,0.0123,62986.5,63013.0,609477330,3803304449.6261,69314.3,56711.7,61091.7,63399.8,62986.4,62986.5,68617088,768.3,2.7e-05,UTC+8,"[0.0123, 0.0185, 0.1113, 0.071, -0.0183, 1.3621]","[0.0301, 0.0076, 0.0123]"
1728737720103,BTC_USDT,62986.4,0.0123,62986.5,63016.2,609546134,3803737818.7504,69317.8,56714.5,61091.7,63399.8,62986.4,62986.5,68657103,768.3,2.7e-05,UTC+8,"[0.0123, 0.0185, 0.1113, 0.071, -0.0183, 1.3621]","[0.0301, 0.0076, 0.0123]"
1728737722097,BTC_USDT,62983.2,0.0122,62986.5,63015.9,609570804,3803893209.24809,69317.4,56714.3,61091.7,63399.8,62983.1,62983.2,68661460,765.1,2.7e-05,UTC+8,"[0.0122, 0.0184, 0.1112, 0.0709, -0.0183, 1.3619]","[0.0301, 0.0075, 0.0122]"
1728737724098,BTC_USDT,62983.2,0.0122,62983.2,63015.8,609595523,3804048894.12858,69317.3,56714.2,61091.7,63399.8,62983.1,62983.2,68691843,765.1,2.7e-05,UTC+8,"[0.0122, 0.0184, 0.1112, 0.0709, -0.0183, 1.3619]","[0.0301, 0.0075, 0.0122]"
1728737727102,BTC_USDT,62988.0,0.0123,62985.9,63016.0,609677489,3804565157.43867,69317.6,56714.4,61091.7,63399.8,62992.0,62992.1,68633625,769.9,2.7e-05,UTC+8,"[0.0123, 0.0185, 0.1113, 0.071, -0.0183, 1.3621]","[0.0302, 0.0076, 0.0123]"
1728737729098,BTC_USDT,62987.5,0.0123,62992.1,63017.7,609710728,3804774532.34673,69319.4,56715.9,61091.7,63399.8,62987.4,62987.5,68635767,769.4,2.7e-05,UTC+8,"[0.0123, 0.0185, 0.1113, 0.071, -0.0183, 1.3621]","[0.0302, 0.0076, 0.0123]"
1728737731103,BTC_USDT,62991.0,0.0124,62991.0,63018.0,609724926,3804863967.97179,69319.8,56716.2,61091.7,63399.8,62991.0,62991.1,68663234,772.9,2.7e-05,UTC+8,"[0.0124, 0.0185, 0.1114, 0.0711, -0.0182, 1.3622]","[0.0302, 0.0077, 0.0124]"
1728737733100,BTC_USDT,62991.1,0.0124,62991.1,63020.0,609730852,3804901294.92256,69322.0,56718.0,61091.7,63399.8,62991.0,62991.1,68674709,773.0,2.7e-05,UTC+8,"[0.0124, 0.0185, 0.1114, 0.0711, -0.0182, 1.3622]","[0.0302, 0.0077, 0.0124]"
timestamp,symbol,lastPrice,riseFallRate,fairPrice,indexPrice,volume24,amount24,maxBidPrice,minAskPrice,lower24Price,high24Price,bid1,ask1,holdVol,riseFallValue,fundingRate,zone,riseFallRates,riseFallRatesOfTimezone
1728737736103,BTC_USDT,62993.0,0.0124,62987.4,63019.9,609733308,3804916767.16119,69321.8,56717.9,61091.7,63399.8,62997.7,62997.8,68680784,774.9,2.7e-05,UTC+8,"[0.0124, 0.0186, 0.1114, 0.0711, -0.0182, 1.3623]","[0.0303, 0.0077, 0.0124]"
1728737738095,BTC_USDT,62998.9,0.0125,62998.9,63027.9,609736671,3804937948.62097,69330.6,56725.1,61091.7,63399.8,62998.9,62999.0,68682507,780.8,2.7e-05,UTC+8,"[0.0125, 0.0187, 0.1115, 0.0712, -0.0181, 1.3625]","[0.0304, 0.0078, 0.0125]"
1728737740093,BTC_USDT,63000.0,0.0125,62999.9,63028.0,609787825,3805260221.59581,69330.8,56725.2,61091.7,63399.8,63005.1,63010.0,68773672,781.9,2.7e-05,UTC+8,"[0.0125, 0.0187, 0.1115, 0.0712, -0.0181, 1.3626]","[0.0304, 0.0078, 0.0125]"
1728737742123,BTC_USDT,63010.2,0.0127,63010.3,63039.2,609850656,3805656077.22266,69343.1,56735.2,61091.7,63399.8,63010.2,63010.3,68532266,792.1,2.7e-05,UTC+8,"[0.0127, 0.0188, 0.1117, 0.0714, -0.0179, 1.363]","[0.0305, 0.008, 0.0127]"
1728737745102,BTC_USDT,63004.2,0.0126,63006.2,63038.9,609869026,3805771824.77187,69342.7,56735.0,61091.7,63399.8,63004.2,63004.3,68559711,786.1,2.7e-05,UTC+8,"[0.0126, 0.0187, 0.1116, 0.0713, -0.018, 1.3627]","[0.0304, 0.0079, 0.0126]"
1728737747095,BTC_USDT,63004.3,0.0126,63006.2,63038.9,609870837,3805783231.69662,69342.7,56735.0,61091.7,63399.8,63004.2,63004.3,68560368,786.2,2.7e-05,UTC+8,"[0.0126, 0.0187, 0.1116, 0.0713, -0.018, 1.3627]","[0.0304, 0.0079, 0.0126]"
1728737749132,BTC_USDT,63004.3,0.0126,63006.2,63038.9,609871599,3805788032.62415,69342.7,56735.0,61091.7,63399.8,63004.2,63004.3,68562044,786.2,2.7e-05,UTC+8,"[0.0126, 0.0187, 0.1116, 0.0713, -0.018, 1.3627]","[0.0304, 0.0079, 0.0126]"
1728737751104,BTC_USDT,63004.2,0.0126,63006.3,63038.9,609891920,3805916065.04196,69342.7,56735.0,61091.7,63399.8,63004.2,63004.3,68566878,786.1,2.7e-05,UTC+8,"[0.0126, 0.0187, 0.1116, 0.0713, -0.018, 1.3627]","[0.0304, 0.0079, 0.0126]"
1728737754103,BTC_USDT,63011.4,0.0127,63012.0,63043.3,609902373,3805981931.82845,69347.6,56738.9,61091.7,63399.8,63014.8,63014.9,68586425,793.3,2.7e-05,UTC+8,"[0.0127, 0.0189, 0.1117, 0.0714, -0.0179, 1.363]","[0.0306, 0.008, 0.0127]"
1728737756096,BTC_USDT,63016.8,0.0128,63016.7,63044.5,609911822,3806041472.9376,69348.9,56740.0,61091.7,63399.8,63016.7,63016.8,68597333,798.7,2.7e-05,UTC+8,"[0.0128, 0.0189, 0.1118, 0.0715, -0.0178, 1.3632]","[0.0306, 0.0081, 0.0128]"
1728737758099,BTC_USDT,63016.7,0.0128,63016.8,63044.5,609930324,3806158069.7715,69348.9,56740.0,61091.7,63399.8,63016.7,63016.8,68565495,798.6,2.7e-05,UTC+8,"[0.0128, 0.0189, 0.1118, 0.0715, -0.0178, 1.3632]","[0.0306, 0.0081, 0.0128]"
1728737760096,BTC_USDT,63014.9,0.0128,63014.8,63044.2,609962296,3806359539.43504,69348.6,56739.7,61091.7,63399.8,63014.8,63014.9,68623419,796.8,2.7e-05,UTC+8,"[0.0128, 0.0189, 0.1118, 0.0715, -0.0178, 1.3631]","[0.0306, 0.008, 0.0128]"
1728737762088,BTC_USDT,63009.2,0.0127,63014.8,63044.2,609968354,3806397710.81457,69348.6,56739.7,61091.7,63399.8,63009.1,63009.2,68636107,791.1,2.7e-05,UTC+8,"[0.0127, 0.0188, 0.1117, 0.0714, -0.0179, 1.3629]","[0.0305, 0.008, 0.0127]"
1728737765106,BTC_USDT,63009.1,0.0127,63011.8,63044.0,609991510,3806543616.28294,69348.4,56739.6,61091.7,63399.8,63009.1,63009.2,68671887,791.0,2.7e-05,UTC+8,"[0.0127, 0.0188, 0.1117, 0.0714, -0.0179, 1.3629]","[0.0305, 0.008, 0.0127]"
1728737767104,BTC_USDT,63004.6,0.0126,63011.0,63043.2,610005823,3806633801.14547,69347.5,56738.8,61091.7,63399.8,63004.5,63004.6,68701229,786.5,2.7e-05,UTC+8,"[0.0126, 0.0187, 0.1116, 0.0713, -0.018, 1.3627]","[0.0304, 0.0079, 0.0126]"
timestamp,symbol,lastPrice,riseFallRate,fairPrice,indexPrice,volume24,amount24,maxBidPrice,minAskPrice,lower24Price,high24Price,bid1,ask1,holdVol,riseFallValue,fundingRate,zone,riseFallRates,riseFallRatesOfTimezone
1728737769103,BTC_USDT,63004.5,0.0126,63011.0,63043.2,610026435,3806763662.89959,69347.5,56738.8,61091.7,63399.8,63004.5,63004.6,68706217,786.4,2.7e-05,UTC+8,"[0.0126, 0.0187, 0.1116, 0.0713, -0.018, 1.3627]","[0.0304, 0.0079, 0.0126]"
1728737771091,BTC_USDT,63004.6,0.0126,63011.0,63043.2,610038448,3806839353.46944,69347.5,56738.8,61091.7,63399.8,63004.5,63004.6,68729831,786.5,2.7e-05,UTC+8,"[0.0126, 0.0187, 0.1116, 0.0713, -0.018, 1.3627]","[0.0304, 0.0079, 0.0126]"
1728737774100,BTC_USDT,63004.5,0.0126,63011.0,63043.2,610040925,3806854961.25955,69347.5,56738.8,61091.7,63399.8,63004.5,63004.6,68729879,786.4,2.7e-05,UTC+8,"[0.0126, 0.0187, 0.1116, 0.0713, -0.018, 1.3627]","[0.0304, 0.0079, 0.0126]"
1728737776097,BTC_USDT,63004.5,0.0126,63010.9,63043.2,610047541,3806896643.48563,69347.5,56738.8,61091.7,63399.8,63004.5,63004.6,68734596,786.4,2.7e-05,UTC+8,"[0.0126, 0.0187, 0.1116, 0.0713, -0.018, 1.3627]","[0.0304, 0.0079, 0.0126]"
1728737778095,BTC_USDT,63007.7,0.0126,63011.2,63043.5,610047816,3806898377.74438,69347.8,56739.1,61091.7,63399.8,63007.7,63007.8,68736307,789.6,2.7e-05,UTC+8,"[0.0126, 0.0188, 0.1117, 0.0714, -0.018, 1.3629]","[0.0305, 0.0079, 0.0126]"
1728737780131,BTC_USDT,63014.0,0.0127,63011.3,63043.6,610080795,3807106177.06983,69347.9,56739.2,61091.7,63399.8,63013.9,63014.0,68777052,795.9,2.7e-05,UTC+8,"[0.0127, 0.0189, 0.1118, 0.0715, -0.0179, 1.3631]","[0.0306, 0.008, 0.0127]"
1728737782096,BTC_USDT,63013.9,0.0127,63013.9,63043.6,610081578,3807111111.06173,69347.9,56739.2,61091.7,63399.8,63013.9,63014.0,68640442,795.8,2.7e-05,UTC+8,"[0.0127, 0.0189, 0.1118, 0.0715, -0.0179, 1.3631]","[0.0306, 0.008, 0.0127]"
1728737785092,BTC_USDT,63013.9,0.0127,63013.9,63043.6,610089414,3807160488.80853,69347.9,56739.2,61091.7,63399.8,63013.9,63014,68645969,795.8,2.7e-05,UTC+8,"[0.0127, 0.0189, 0.1118, 0.0715, -0.0179, 1.3631]","[0.0306, 0.008, 0.0127]"
1728737787104,BTC_USDT,63013.9,0.0127,63014.0,63043.6,610090279,3807165937.94172,69347.9,56739.2,61091.7,63399.8,63013.9,63014,68646439,795.8,2.7e-05,UTC+8,"[0.0127, 0.0189, 0.1118, 0.0715, -0.0179, 1.3631]","[0.0306, 0.008, 0.0127]"
1728737789102,BTC_USDT,63014.0,0.0127,63014.0,63043.6,610116646,3807332086.69599,69347.9,56739.2,61091.7,63399.8,63013.9,63014,68653195,795.9,2.7e-05,UTC+8,"[0.0127, 0.0189, 0.1118, 0.0715, -0.0179, 1.3631]","[0.0306, 0.008, 0.0127]"
1728737791100,BTC_USDT,63014.0,0.0127,63014.0,63043.6,610117246,3807335867.53017,69347.9,56739.2,61091.7,63399.8,63013.9,63014.0,68653663,795.9,2.7e-05,UTC+8,"[0.0127, 0.0189, 0.1118, 0.0715, -0.0179, 1.3631]","[0.0306, 0.008, 0.0127]"
1728737794103,BTC_USDT,63015.0,0.0128,63015.0,63045.5,610122054,3807366161.55423,69350.0,56740.9,61091.7,63399.8,63016.2,63016.3,68666069,796.9,2.7e-05,UTC+8,"[0.0128, 0.0189, 0.1118, 0.0715, -0.0178, 1.3631]","[0.0306, 0.008, 0.0128]"
timestamp,symbol,lastPrice,riseFallRate,fairPrice,indexPrice,volume24,amount24,maxBidPrice,minAskPrice,lower24Price,high24Price,bid1,ask1,holdVol,riseFallValue,fundingRate,zone,riseFallRates,riseFallRatesOfTimezone
1728737796103,BTC_USDT,63016.2,0.0128,63016.2,63045.5,610129862,3807415365.69826,69350.0,56740.9,61091.7,63399.8,63016.2,63016.3,68672556,798.1,2.7e-05,UTC+8,"[0.0128, 0.0189, 0.1118, 0.0715, -0.0178, 1.3632]","[0.0306, 0.0081, 0.0128]"
1728737798097,BTC_USDT,63016.2,0.0128,63016.2,63045.5,610133453,3807437994.82984,69350.0,56740.9,61091.7,63399.8,63016.2,63016.3,68677113,798.1,2.7e-05,UTC+8,"[0.0128, 0.0189, 0.1118, 0.0715, -0.0178, 1.3632]","[0.0306, 0.0081, 0.0128]"
1728737800102,BTC_USDT,63010.6,0.0127,63016.2,63045.3,610134737,3807446085.41123,69349.8,56740.7,61091.7,63399.8,63008.1,63008.2,68676991,792.5,2.7e-05,UTC+8,"[0.0127, 0.0188, 0.1117, 0.0714, -0.0179, 1.363]","[0.0305, 0.008, 0.0127]"
1728737802107,BTC_USDT,63008.0,0.0126,63012.8,63045.1,610135446,3807450555.83664,69349.6,56740.5,61091.7,63399.8,63007.9,63008.0,68678836,789.9,2.7e-05,UTC+8,"[0.0126, 0.0188, 0.1117, 0.0714, -0.018, 1.3629]","[0.0305, 0.0079, 0.0126]"
1728737805102,BTC_USDT,63011.0,0.0127,63012.8,63045.1,610147355,3807525592.36706,69349.6,56740.5,61091.7,63399.8,63010.9,63011.0,68701540,792.9,2.7e-05,UTC+8,"[0.0127, 0.0189, 0.1117, 0.0714, -0.0179, 1.363]","[0.0306, 0.008, 0.0127]"
1728737807108,BTC_USDT,63007.3,0.0126,63012.7,63045.1,610149868,3807541427.90147,69349.6,56740.5,61091.7,63399.8,63007.2,63007.3,68599446,789.2,2.7e-05,UTC+8,"[0.0126, 0.0188, 0.1117, 0.0713, -0.018, 1.3628]","[0.0305, 0.0079, 0.0126]"
1728737809100,BTC_USDT,63007.2,0.0126,63012.7,63045.1,610157421,3807589018.81614,69349.6,56740.5,61091.7,63399.8,63007.2,63007.3,68611700,789.1,2.7e-05,UTC+8,"[0.0126, 0.0188, 0.1117, 0.0713, -0.018, 1.3628]","[0.0305, 0.0079, 0.0126]"
1728737811135,BTC_USDT,63007.2,0.0126,63012.7,63045.2,610159101,3807599599.30167,69349.7,56740.6,61091.7,63399.8,63007.2,63007.3,68616654,789.1,2.7e-05,UTC+8,"[0.0126, 0.0188, 0.1117, 0.0713, -0.018, 1.3628]","[0.0305, 0.0079, 0.0126]"
1728737814104,BTC_USDT,63007.2,0.0126,63012.4,63044.9,610159164,3807600000.97311,69349.3,56740.4,61091.7,63399.8,63007.2,63007.3,68616738,789.1,2.7e-05,UTC+8,"[0.0126, 0.0188, 0.1117, 0.0713, -0.018, 1.3628]","[0.0305, 0.0079, 0.0126]"
1728737816098,BTC_USDT,63007.2,0.0126,63012.1,63044.7,610159675,3807603219.06891,69349.1,56740.2,61091.7,63399.8,63007.2,63007.3,68617764,789.1,2.7e-05,UTC+8,"[0.0126, 0.0188, 0.1117, 0.0713, -0.018, 1.3628]","[0.0305, 0.0079, 0.0126]"
1728737818103,BTC_USDT,63007.2,0.0126,63012.0,63044.7,610161430,3807614276.8326,69349.1,56740.2,61091.7,63399.8,63007.2,63007.3,68618439,789.1,2.7e-05,UTC+8,"[0.0126, 0.0188, 0.1117, 0.0713, -0.018, 1.3628]","[0.0305, 0.0079, 0.0126]"
1728737820093,BTC_USDT,63007.3,0.0126,63012.0,63044.7,610165620,3807640673.73948,69349.1,56740.2,61091.7,63399.8,63007.2,63007.3,68625316,789.2,2.7e-05,UTC+8,"[0.0126, 0.0188, 0.1117, 0.0713, -0.018, 1.3628]","[0.0305, 0.0079, 0.0126]"
1728737822087,BTC_USDT,63007.2,0.0126,63011.9,63044.7,610166913,3807648825.29866,69349.1,56740.2,61091.7,63399.8,63007.2,63007.3,68629055,789.1,2.6e-05,UTC+8,"[0.0126, 0.0188, 0.1117, 0.0713, -0.018, 1.3628]","[0.0305, 0.0079, 0.0126]"
1728737825104,BTC_USDT,63007.3,0.0126,63011.9,63044.8,610168182,3807656816.19021,69349.2,56740.3,61091.7,63399.8,63007.2,63007.3,68630968,789.2,2.6e-05,UTC+8,"[0.0126, 0.0188, 0.1117, 0.0713, -0.018, 1.3628]","[0.0305, 0.0079, 0.0126]"
1728737827102,BTC_USDT,63007.3,0.0126,63011.9,63044.8,610181711,3807742060.28028,69349.2,56740.3,61091.7,63399.8,63010.3,63010.4,68664676,789.2,2.6e-05,UTC+8,"[0.0126, 0.0188, 0.1117, 0.0713, -0.018, 1.3628]","[0.0305, 0.0079, 0.0126]"
timestamp,symbol,lastPrice,riseFallRate,fairPrice,indexPrice,volume24,amount24,maxBidPrice,minAskPrice,lower24Price,high24Price,bid1,ask1,holdVol,riseFallValue,fundingRate,zone,riseFallRates,riseFallRatesOfTimezone
1728737829096,BTC_USDT,63016.0,0.0128,63012.1,63045.0,610199844,3807856321.98127,69349.5,56740.5,61091.7,63399.8,63015.9,63016.0,68690189,797.9,2.6e-05,UTC+8,"[0.0128, 0.0189, 0.1118, 0.0715, -0.0178, 1.3632]","[0.0306, 0.0081, 0.0128]"
1728737831103,BTC_USDT,63016.3,0.0128,63016.6,63049.6,610202645,3807873974.39038,69354.5,56744.6,61091.7,63399.8,63016.2,63016.3,68694231,798.2,2.6e-05,UTC+8,"[0.0128, 0.0189, 0.1118, 0.0715, -0.0178, 1.3632]","[0.0306, 0.0081, 0.0128]"
1728737834104,BTC_USDT,63016.3,0.0128,63016.6,63049.6,610208796,3807912734.13297,69354.5,56744.6,61091.7,63399.8,63016.2,63016.3,68706864,798.2,2.6e-05,UTC+8,"[0.0128, 0.0189, 0.1118, 0.0715, -0.0178, 1.3632]","[0.0306, 0.0081, 0.0128]"
1728737836097,BTC_USDT,63026.2,0.0129,63026.1,63050.2,610235334,3808079981.55633,69355.2,56745.1,61091.7,63399.8,63026.1,63026.2,68727728,808.1,2.6e-05,UTC+8,"[0.0129, 0.0191, 0.112, 0.0717, -0.0177, 1.3636]","[0.0308, 0.0082, 0.0129]"
1728737838095,BTC_USDT,63026.5,0.0129,63026.6,63052.0,610274701,3808328101.49999,69357.2,56746.8,61091.7,63399.8,63026.5,63026.6,68747792,808.4,2.6e-05,UTC+8,"[0.0129, 0.0191, 0.112, 0.0717, -0.0177, 1.3636]","[0.0308, 0.0082, 0.0129]"
1728737840105,BTC_USDT,63032.7,0.013,63032.8,63059.9,610313307,3808571435.44944,69365.8,56753.9,61091.7,63399.8,63032.7,63032.8,68780100,814.6,2.6e-05,UTC+8,"[0.013, 0.0192, 0.1121, 0.0718, -0.0176, 1.3638]","[0.0309, 0.0083, 0.013]"
1728737842102,BTC_USDT,63029.0,0.013,63029.1,63059.8,610326459,3808654331.55885,69365.7,56753.8,61091.7,63399.8,63026.5,63026.6,68790601,810.9,2.6e-05,UTC+8,"[0.013, 0.0191, 0.112, 0.0717, -0.0176, 1.3637]","[0.0308, 0.0083, 0.013]"
1728737845102,BTC_USDT,63025.7,0.0129,63026.6,63059.6,610332710,3808693730.97057,69365.5,56753.6,61091.7,63399.8,63025.7,63025.8,68797895,807.6,2.6e-05,UTC+8,"[0.0129, 0.0191, 0.112, 0.0717, -0.0177, 1.3635]","[0.0308, 0.0082, 0.0129]"
1728737847102,BTC_USDT,63025.1,0.0129,63026.6,63059.6,610339074,3808733838.56905,69365.5,56753.6,61091.7,63399.8,63025.1,63025.2,68667152,807.0,2.6e-05,UTC+8,"[0.0129, 0.0191, 0.112, 0.0716, -0.0177, 1.3635]","[0.0308, 0.0082, 0.0129]"
1728737849099,BTC_USDT,63029.0,0.013,63029.0,63059.8,610341165,3808747021.94108,69365.7,56753.8,61091.7,63399.8,63028.9,63029.0,68668961,810.9,2.6e-05,UTC+8,"[0.013, 0.0191, 0.112, 0.0717, -0.0176, 1.3637]","[0.0308, 0.0083, 0.013]"
1728737851103,BTC_USDT,63029.0,0.013,63029.0,63059.8,610342325,3808754330.14888,69365.7,56753.8,61091.7,63399.8,63028.9,63029.0,68669856,810.9,2.6e-05,UTC+8,"[0.013, 0.0191, 0.112, 0.0717, -0.0176, 1.3637]","[0.0308, 0.0083, 0.013]"
1728737854098,BTC_USDT,63029.9,0.013,63029.8,63059.8,610347251,3808785378.42542,69365.7,56753.8,61091.7,63399.8,63029.9,63030.0,68674715,811.8,2.6e-05,UTC+8,"[0.013, 0.0192, 0.1121, 0.0717, -0.0176, 1.3637]","[0.0309, 0.0083, 0.013]"
timestamp,symbol,lastPrice,riseFallRate,fairPrice,indexPrice,volume24,amount24,maxBidPrice,minAskPrice,lower24Price,high24Price,bid1,ask1,holdVol,riseFallValue,fundingRate,zone,riseFallRates,riseFallRatesOfTimezone
1728737856095,BTC_USDT,63025.2,0.0129,63030.0,63059.7,610363377,3808887012.09822,69365.6,56753.7,61091.7,63399.8,63025.2,63025.3,68685313,807.1,2.6e-05,UTC+8,"[0.0129, 0.0191, 0.112, 0.0717, -0.0177, 1.3635]","[0.0308, 0.0082, 0.0129]"
1728737858093,BTC_USDT,63027.3,0.013,63025.2,63056.2,610377137,3808973736.41504,69361.8,56750.5,61091.7,63399.8,63029.3,63029.4,68688610,809.2,2.6e-05,UTC+8,"[0.013, 0.0191, 0.112, 0.0717, -0.0177, 1.3636]","[0.0308, 0.0082, 0.013]"
1728737860104,BTC_USDT,63029.9,0.013,63029.3,63059.0,610377358,3808975130.94069,69364.9,56753.1,61091.7,63399.8,63029.9,63030.0,68689031,811.8,2.6e-05,UTC+8,"[0.013, 0.0192, 0.1121, 0.0717, -0.0176, 1.3637]","[0.0309, 0.0083, 0.013]"
1728737862106,BTC_USDT,63032.3,0.013,63030.9,63060.6,610381272,3808999802.99451,69366.6,56754.5,61091.7,63399.8,63032.2,63032.3,68692379,814.2,2.6e-05,UTC+8,"[0.013, 0.0192, 0.1121, 0.0718, -0.0176, 1.3638]","[0.0309, 0.0083, 0.013]"
1728737865106,BTC_USDT,63033.8,0.0131,63033.8,63060.6,610412082,3809194005.69258,69366.6,56754.5,61091.7,63399.8,63033.8,63033.9,68699942,815.7,2.6e-05,UTC+8,"[0.0131, 0.0192, 0.1121, 0.0718, -0.0176, 1.3638]","[0.0309, 0.0083, 0.0131]"
1728737867100,BTC_USDT,63033.9,0.0131,63033.8,63060.6,610412952,3809199489.63699,69366.6,56754.5,61091.7,63399.8,63033.8,63033.9,68701523,815.8,2.6e-05,UTC+8,"[0.0131, 0.0192, 0.1121, 0.0718, -0.0176, 1.3638]","[0.0309, 0.0083, 0.0131]"
1728737869104,BTC_USDT,63033.8,0.0131,63033.8,63060.6,610415283,3809214187.5565,69366.6,56754.5,61091.7,63399.8,63030.5,63030.6,68701523,815.7,2.6e-05,UTC+8,"[0.0131, 0.0192, 0.1121, 0.0718, -0.0176, 1.3638]","[0.0309, 0.0083, 0.0131]"
1728737871101,BTC_USDT,63029.8,0.013,63030.6,63060.5,610420265,3809245585.88107,69366.5,56754.4,61091.7,63399.8,63029.8,63029.9,68710015,811.7,2.6e-05,UTC+8,"[0.013, 0.0192, 0.1121, 0.0717, -0.0176, 1.3637]","[0.0309, 0.0083, 0.013]"
1728737874098,BTC_USDT,63029.9,0.013,63029.8,63060.3,610491735,3809696058.29502,69366.3,56754.2,61091.7,63399.8,63029.8,63029.9,68711750,811.8,2.6e-05,UTC+8,"[0.013, 0.0192, 0.1121, 0.0717, -0.0176, 1.3637]","[0.0309, 0.0083, 0.013]"
1728737876096,BTC_USDT,63029.8,0.013,63029.9,63060.3,610503542,3809770479.16822,69366.3,56754.2,61091.7,63399.8,63029.8,63029.9,68737499,811.7,2.6e-05,UTC+8,"[0.013, 0.0192, 0.1121, 0.0717, -0.0176, 1.3637]","[0.0309, 0.0083, 0.013]"
1728737878094,BTC_USDT,63029.9,0.013,63029.9,63060.3,610505131,3809780496.18425,69366.3,56754.2,61091.7,63399.8,63029.8,63029.9,68735978,811.8,2.6e-05,UTC+8,"[0.013, 0.0192, 0.1121, 0.0717, -0.0176, 1.3637]","[0.0309, 0.0083, 0.013]"
1728737880105,BTC_USDT,63029.9,0.013,63029.9,63060.5,610521771,3809885379.51939,69366.5,56754.4,61091.7,63399.8,63029.9,63030.0,68595768,811.8,2.6e-05,UTC+8,"[0.013, 0.0192, 0.1121, 0.0717, -0.0176, 1.3637]","[0.0309, 0.0083, 0.013]"
1728737882091,BTC_USDT,63030.0,0.013,63030.0,63060.6,610536355,3809977300.79465,69366.6,56754.5,61091.7,63399.8,63030.5,63030.6,68622273,811.9,2.6e-05,UTC+8,"[0.013, 0.0192, 0.1121, 0.0717, -0.0176, 1.3637]","[0.0309, 0.0083, 0.013]"
1728737885102,BTC_USDT,63030.6,0.013,63030.6,63060.6,610536654,3809979186.98391,69366.6,56754.5,61091.7,63399.8,63030.5,63030.6,68622831,812.5,2.6e-05,UTC+8,"[0.013, 0.0192, 0.1121, 0.0717, -0.0176, 1.3637]","[0.0309, 0.0083, 0.013]"
1728737887107,BTC_USDT,63030.6,0.013,63030.5,63060.6,610537107,3809982037.5391,69366.6,56754.5,61091.7,63399.8,63030.5,63030.6,68623722,812.5,2.6e-05,UTC+8,"[0.013, 0.0192, 0.1121, 0.0717, -0.0176, 1.3637]","[0.0309, 0.0083, 0.013]"
timestamp,symbol,lastPrice,riseFallRate,fairPrice,indexPrice,volume24,amount24,maxBidPrice,minAskPrice,lower24Price,high24Price,bid1,ask1,holdVol,riseFallValue,fundingRate,zone,riseFallRates,riseFallRatesOfTimezone
1728737889105,BTC_USDT,63033.0,0.013,63032.8,63060.6,610544662,3810029661.99892,69366.6,56754.5,61091.7,63399.8,63032.9,63033.0,68635734,814.9,2.6e-05,UTC+8,"[0.013, 0.0192, 0.1121, 0.0718, -0.0176, 1.3638]","[0.0309, 0.0083, 0.013]"
