timestamp,symbol,lastPrice,riseFallRate,fairPrice,indexPrice,volume24,amount24,maxBidPrice,minAskPrice,lower24Price,high24Price,bid1,ask1,holdVol,riseFallValue,fundingRate,zone,riseFallRates,riseFallRatesOfTimezone
1735226391162,BTC_USDT,95591.7,-0.0294,95597.8,95636.0,929216591,9057391980.92495,105199.6,86072.4,95153.1,99949.9,95591.6,95591.7,173331568,-2901.6,8.8e-05,UTC+8,"[-0.0294, -0.0843, -0.0046, 0.4661, 0.566, 1.2532]","[-0.0311, -0.0381, -0.0294]"
1735226393158,BTC_USDT,95594.1,-0.0294,95602.9,95641.2,929219621,9057420946.20383,105205.3,86077.0,95153.1,99949.9,95592.6,95594.2,173333732,-2899.2,8.8e-05,UTC+8,"[-0.0294, -0.0843, -0.0046, 0.4661, 0.566, 1.2533]","[-0.0311, -0.038, -0.0294]"
1735226396167,BTC_USDT,95593.7,-0.0294,95596.9,95635.2,929293425,9058126421.02216,105198.7,86071.6,95153.1,99949.9,95593.7,95593.8,173025622,-2899.6,8.8e-05,UTC+8,"[-0.0294, -0.0843, -0.0046, 0.4661, 0.566, 1.2533]","[-0.0311, -0.038, -0.0294]"
1735226398167,BTC_USDT,95585.1,-0.0295,95589.9,95623.5,929348313,9058651098.42341,105185.8,86061.1,95153.1,99949.9,95585.1,95585.2,173143846,-2908.2,8.8e-05,UTC+8,"[-0.0295, -0.0843, -0.0047, 0.466, 0.5659, 1.2531]","[-0.0312, -0.0381, -0.0295]"
1735226400196,BTC_USDT,95585.2,-0.0295,95585.2,95621.6,929350234,9058669460.33156,105183.7,86059.4,95153.1,99949.9,95585.1,95585.2,173146172,-2908.1,8.8e-05,UTC+8,"[-0.0295, -0.0843, -0.0047, 0.466, 0.5659, 1.2531]","[-0.0312, -0.0381, -0.0295]"
1735226402165,BTC_USDT,95585.2,-0.0295,95585.2,95621.4,929358558,9058749025.3719,105183.5,86059.2,95153.1,99949.9,95585.1,95585.2,173147234,-2908.1,8.8e-05,UTC+8,"[-0.0295, -0.0843, -0.0047, 0.466, 0.5659, 1.2531]","[-0.0312, -0.0381, -0.0295]"
1735226405158,BTC_USDT,95581.5,-0.0295,95583.7,95622.0,929403701,9059180461.21701,105184.2,86059.8,95153.1,99949.9,95581.4,95581.5,173148966,-2911.8,8.8e-05,UTC+8,"[-0.0295, -0.0844, -0.0047, 0.4659, 0.5658, 1.253]","[-0.0312, -0.0382, -0.0295]"
1735226407194,BTC_USDT,95548.2,-0.0299,95581.5,95590.5,929451404,9059636298.45696,105149.5,86031.4,95153.1,99949.9,95544.4,95545.3,173156436,-2945.1,8.8e-05,UTC+8,"[-0.0299, -0.0847, -0.0051, 0.4654, 0.5653, 1.2522]","[-0.0316, -0.0385, -0.0299]"
1735226409164,BTC_USDT,95542.5,-0.0299,95550.3,95588.7,929454124,9059662286.42773,105147.5,86029.8,95153.1,99949.9,95542.4,95542.5,173157170,-2950.8,8.8e-05,UTC+8,"[-0.0299, -0.0847, -0.0051, 0.4653, 0.5652, 1.2521]","[-0.0316, -0.0386, -0.0299]"
1735226411162,BTC_USDT,95550.7,-0.0298,95551.0,95589.4,929467925,9059794155.5583,105148.3,86030.4,95153.1,99949.9,95533.2,95534.3,173157249,-2942.6,8.8e-05,UTC+8,"[-0.0298, -0.0847, -0.005, 0.4655, 0.5653, 1.2523]","[-0.0315, -0.0385, -0.0298]"
1735226414164,BTC_USDT,95540.7,-0.0299,95536.6,95575.1,929490760,9060012264.64863,105132.6,86017.5,95153.1,99949.9,95543.7,95543.8,172893963,-2952.6,8.8e-05,UTC+8,"[-0.0299, -0.0848, -0.0052, 0.4653, 0.5652, 1.252]","[-0.0316, -0.0386, -0.0299]"
1735226416166,BTC_USDT,95550.0,-0.0298,95548.1,95586.8,929495351,9060056128.69813,105145.4,86028.1,95153.1,99949.9,95556.2,95556.3,172904796,-2943.3,8.8e-05,UTC+8,"[-0.0298, -0.0847, -0.0051, 0.4654, 0.5653, 1.2523]","[-0.0315, -0.0385, -0.0298]"
1735226418166,BTC_USDT,95584.1,-0.0295,95576.1,95614.8,929529054,9060378268.9685,105176.2,86053.3,95153.1,99949.9,95584.0,95584.1,172908572,-2909.2,8.8e-05,UTC+8,"[-0.0295, -0.0844, -0.0047, 0.466, 0.5659, 1.2531]","[-0.0312, -0.0381, -0.0295]"
1735226421167,BTC_USDT,95599.2,-0.0293,95598.1,95636.9,929586598,9060928342.44763,105200.5,86073.2,95153.1,99949.9,95599.1,95599.2,173037661,-2894.1,8.8e-05,UTC+8,"[-0.0293, -0.0842, -0.0045, 0.4662, 0.5661, 1.2534]","[-0.031, -0.038, -0.0293]"
1735226423167,BTC_USDT,95554.1,-0.0298,95592.3,95591.3,929600700,9061063130.4958,105150.4,86032.1,95153.1,99949.9,95554.1,95554.2,173062209,-2939.2,8.8e-05,UTC+8,"[-0.0298, -0.0846, -0.005, 0.4655, 0.5654, 1.2524]","[-0.0315, -0.0384, -0.0298]"
1735226425165,BTC_USDT,95559.4,-0.0297,95563.3,95602.0,929603624,9061091070.8712,105162.2,86041.8,95153.1,99949.9,95559.3,95559.4,173063250,-2933.9,8.8e-05,UTC+8,"[-0.0297, -0.0846, -0.005, 0.4656, 0.5655, 1.2525]","[-0.0315, -0.0384, -0.0297]"
1735226427169,BTC_USDT,95567.4,-0.0297,95567.4,95605.9,929621818,9061264946.13559,105166.4,86045.3,95153.1,99949.9,95573.8,95575.0,173159758,-2925.9,8.8e-05,UTC+8,"[-0.0297, -0.0845, -0.0049, 0.4657, 0.5656, 1.2527]","[-0.0314, -0.0383, -0.0297]"
1735226430168,BTC_USDT,95608.9,-0.0292,95609.8,95648.5,929649122,9061525912.88659,105213.3,86083.6,95153.1,99949.9,95608.9,95609.0,173169392,-2884.4,8.8e-05,UTC+8,"[-0.0292, -0.0841, -0.0044, 0.4663, 0.5663, 1.2536]","[-0.031, -0.0379, -0.0292]"
1735226432167,BTC_USDT,95601.1,-0.0293,95610.8,95649.6,929656925,9061600515.02322,105214.5,86084.6,95153.1,99949.9,95601.1,95601.2,173188094,-2892.2,8.8e-05,UTC+8,"[-0.0293, -0.0842, -0.0045, 0.4662, 0.5662, 1.2535]","[-0.031, -0.038, -0.0293]"
1735226434170,BTC_USDT,95591.4,-0.0294,95601.8,95640.5,929670791,9061733073.79736,105204.5,86076.4,95153.1,99949.9,95591.4,95591.5,173225318,-2901.9,8.8e-05,UTC+8,"[-0.0294, -0.0843, -0.0046, 0.4661, 0.566, 1.2532]","[-0.0311, -0.0381, -0.0294]"
1735226436166,BTC_USDT,95600.0,-0.0293,95601.5,95640.4,929672832,9061752584.00636,105204.4,86076.3,95153.1,99949.9,95614.2,95614.3,173226607,-2893.3,8.8e-05,UTC+8,"[-0.0293, -0.0842, -0.0045, 0.4662, 0.5661, 1.2534]","[-0.031, -0.038, -0.0293]"
1735226439164,BTC_USDT,95621.9,-0.0291,95620.4,95659.4,929688237,9061899877.58262,105225.3,86093.4,95153.1,99949.9,95621.9,95622.0,172971784,-2871.4,8.8e-05,UTC+8,"[-0.0291, -0.084, -0.0043, 0.4665, 0.5665, 1.254]","[-0.0308, -0.0378, -0.0291]"
1735226441163,BTC_USDT,95644.0,-0.0289,95647.8,95687.3,929713912,9062145413.31654,105256.0,86118.5,95153.1,99949.9,95643.9,95644.0,172971997,-2849.3,8.8e-05,UTC+8,"[-0.0289, -0.0838, -0.0041, 0.4669, 0.5669, 1.2545]","[-0.0306, -0.0375, -0.0289]"
1735226443163,BTC_USDT,95644.0,-0.0289,95650.4,95689.6,929833207,9063286463.86534,105258.5,86120.6,95153.1,99949.9,95644.0,95644.1,173001492,-2849.3,8.8e-05,UTC+8,"[-0.0289, -0.0838, -0.0041, 0.4669, 0.5669, 1.2545]","[-0.0306, -0.0375, -0.0289]"
1735226446163,BTC_USDT,95663.1,-0.0287,95652.4,95691.6,929845340,9063402517.76717,105260.7,86122.4,95153.1,99949.9,95663.1,95663.2,173015229,-2830.2,8.8e-05,UTC+8,"[-0.0287, -0.0836, -0.0039, 0.4672, 0.5672, 1.2549]","[-0.0304, -0.0373, -0.0287]"
1735226448166,BTC_USDT,95672.4,-0.0286,95675.6,95714.9,929921600,9064132102.40509,105286.3,86143.4,95153.1,99949.9,95672.4,95672.5,173028319,-2820.9,8.8e-05,UTC+8,"[-0.0286, -0.0835, -0.0038, 0.4673, 0.5673, 1.2551]","[-0.0303, -0.0373, -0.0286]"
1735226450158,BTC_USDT,95672.5,-0.0286,95675.6,95715.1,929930882,9064220905.58263,105286.6,86143.5,95153.1,99949.9,95672.4,95672.5,173028690,-2820.8,8.8e-05,UTC+8,"[-0.0286, -0.0835, -0.0038, 0.4673, 0.5673, 1.2551]","[-0.0303, -0.0373, -0.0286]"
1735226452164,BTC_USDT,95672.6,-0.0286,95676.0,95715.4,929936843,9064277935.99568,105286.9,86143.8,95153.1,99949.9,95672.5,95672.6,173036818,-2820.7,8.8e-05,UTC+8,"[-0.0286, -0.0835, -0.0038, 0.4673, 0.5673, 1.2552]","[-0.0303, -0.0373, -0.0286]"
1735226455154,BTC_USDT,95672.5,-0.0286,95675.9,95715.3,929957246,9064473132.41519,105286.8,86143.7,95153.1,99949.9,95672.4,95672.5,173070064,-2820.8,8.8e-05,UTC+8,"[-0.0286, -0.0835, -0.0038, 0.4673, 0.5673, 1.2551]","[-0.0303, -0.0373, -0.0286]"
1735226457151,BTC_USDT,95672.6,-0.0286,95676.1,95715.6,929974573,9064638904.1307,105287.1,86144.0,95153.1,99949.9,95692.9,95693.0,173047928,-2820.7,8.8e-05,UTC+8,"[-0.0286, -0.0835, -0.0038, 0.4673, 0.5673, 1.2552]","[-0.0303, -0.0373, -0.0286]"
1735226459166,BTC_USDT,95699.5,-0.0283,95700.1,95739.6,930100060,9065839718.98755,105313.5,86165.6,95153.1,99949.9,95694.8,95694.9,173090664,-2793.8,8.8e-05,UTC+8,"[-0.0283, -0.0832, -0.0035, 0.4677, 0.5678, 1.2558]","[-0.03, -0.037, -0.0283]"
1735226461159,BTC_USDT,95703.5,-0.0283,95700.3,95740.0,930171585,9066524194.74195,105314.0,86166.0,95153.1,99949.9,95703.5,95703.6,173254111,-2789.8,8.9e-05,UTC+8,"[-0.0283, -0.0832, -0.0035, 0.4678, 0.5678, 1.2559]","[-0.03, -0.0369, -0.0283]"
1735226464158,BTC_USDT,95730.3,-0.028,95719.7,95759.5,930248832,9067263538.39846,105335.4,86183.5,95153.1,99949.9,95730.2,95730.3,173301516,-2763.0,8.9e-05,UTC+8,"[-0.028, -0.083, -0.0032, 0.4682, 0.5683, 1.2565]","[-0.0297, -0.0367, -0.028]"
1735226466161,BTC_USDT,95734.9,-0.028,95731.4,95771.5,930303116,9067783210.17237,105348.6,86194.3,95153.1,99949.9,95734.9,95735.0,173342527,-2758.4,8.9e-05,UTC+8,"[-0.028, -0.0829, -0.0031, 0.4683, 0.5683, 1.2566]","[-0.0297, -0.0366, -0.028]"
1735226468186,BTC_USDT,95746.9,-0.0278,95750.7,95790.6,930315314,9067899993.30933,105369.6,86211.5,95153.1,99949.9,95746.8,95746.9,173348492,-2746.4,8.9e-05,UTC+8,"[-0.0278, -0.0828, -0.003, 0.4685, 0.5685, 1.2569]","[-0.0296, -0.0365, -0.0278]"
1735226471164,BTC_USDT,95739.3,-0.0279,95750.0,95790.0,930370304,9068426485.27175,105369.0,86211.0,95153.1,99949.9,95739.3,95739.4,173386951,-2754.0,8.9e-05,UTC+8,"[-0.0279, -0.0829, -0.0031, 0.4683, 0.5684, 1.2567]","[-0.0296, -0.0366, -0.0279]"
1735226473162,BTC_USDT,95749.3,-0.0278,95756.1,95796.1,930385444,9068571442.31052,105375.7,86216.4,95153.1,99949.9,95749.3,95749.4,173416204,-2744.0,8.9e-05,UTC+8,"[-0.0278, -0.0828, -0.003, 0.4685, 0.5686, 1.257]","[-0.0295, -0.0365, -0.0278]"
1735226475159,BTC_USDT,95757.3,-0.0277,95761.2,95801.3,930441741,9069110493.35122,105381.4,86221.1,95153.1,99949.9,95763.2,95763.3,173423527,-2736.0,8.9e-05,UTC+8,"[-0.0277, -0.0827, -0.0029, 0.4686, 0.5687, 1.2571]","[-0.0294, -0.0364, -0.0277]"
1735226477155,BTC_USDT,95771.8,-0.0276,95776.0,95816.2,930476123,9069439764.76634,105397.8,86234.5,95153.1,99949.9,95771.7,95771.8,172749229,-2721.5,8.9e-05,UTC+8,"[-0.0276, -0.0826, -0.0027, 0.4688, 0.569, 1.2575]","[-0.0293, -0.0363, -0.0276]"
1735226480162,BTC_USDT,95771.9,-0.0276,95785.1,95825.4,930547755,9070125852.55017,105407.9,86242.8,95153.1,99949.9,95771.8,95771.9,172780380,-2721.4,8.9e-05,UTC+8,"[-0.0276, -0.0826, -0.0027, 0.4688, 0.569, 1.2575]","[-0.0293, -0.0363, -0.0276]"
1735226482162,BTC_USDT,95753.1,-0.0278,95771.5,95811.9,930585543,9070487740.78997,105393.0,86230.7,95153.1,99949.9,95750.0,95759.4,172840514,-2740.2,8.9e-05,UTC+8,"[-0.0278, -0.0827, -0.0029, 0.4686, 0.5686, 1.257]","[-0.0295, -0.0364, -0.0278]"
1735226484165,BTC_USDT,95737.4,-0.0279,95742.1,95782.5,930598752,9070614201.10499,105360.7,86204.2,95153.1,99949.9,95737.4,95737.5,172854943,-2755.9,8.9e-05,UTC+8,"[-0.0279, -0.0829, -0.0031, 0.4683, 0.5684, 1.2567]","[-0.0296, -0.0366, -0.0279]"
1735226486164,BTC_USDT,95754.1,-0.0278,95754.1,95789.6,930631195,9070924825.67534,105368.5,86210.6,95153.1,99949.9,95754.1,95754.2,172882252,-2739.2,8.9e-05,UTC+8,"[-0.0278, -0.0827, -0.0029, 0.4686, 0.5687, 1.2571]","[-0.0295, -0.0364, -0.0278]"
1735226489162,BTC_USDT,95750.9,-0.0278,95753.4,95793.8,930654306,9071146125.89254,105373.1,86214.4,95153.1,99949.9,95750.8,95750.9,172932220,-2742.4,8.9e-05,UTC+8,"[-0.0278, -0.0828, -0.003, 0.4685, 0.5686, 1.257]","[-0.0295, -0.0365, -0.0278]"
1735226491152,BTC_USDT,95754.2,-0.0278,95758.4,95799.1,930675287,9071347024.25508,105379.0,86219.1,95153.1,99949.9,95754.1,95754.2,172933160,-2739.1,8.9e-05,UTC+8,"[-0.0278, -0.0827, -0.0029, 0.4686, 0.5687, 1.2571]","[-0.0295, -0.0364, -0.0278]"
1735226493159,BTC_USDT,95744.1,-0.0279,95757.9,95798.7,930688445,9071473007.81976,105378.5,86218.8,95153.1,99949.9,95749.8,95749.9,172707062,-2749.2,8.9e-05,UTC+8,"[-0.0279, -0.0828, -0.003, 0.4684, 0.5685, 1.2568]","[-0.0296, -0.0365, -0.0279]"
1735226496165,BTC_USDT,95740.2,-0.0279,95743.3,95784.2,930696158,9071546855.10425,105362.6,86205.7,95153.1,99949.9,95740.1,95740.2,172717844,-2753.1,8.9e-05,UTC+8,"[-0.0279, -0.0829, -0.0031, 0.4684, 0.5684, 1.2567]","[-0.0296, -0.0366, -0.0279]"
1735226498166,BTC_USDT,95743.1,-0.0279,95745.3,95786.2,930707129,9071651888.73582,105364.8,86207.5,95153.1,99949.9,95743.1,95743.2,172737932,-2750.2,8.9e-05,UTC+8,"[-0.0279, -0.0828, -0.003, 0.4684, 0.5685, 1.2568]","[-0.0296, -0.0365, -0.0279]"
1735226500165,BTC_USDT,95750.0,-0.0278,95755.5,95796.7,930728647,9071857918.08124,105376.3,86217.0,95153.1,99949.9,95749.9,95750.0,172764946,-2743.3,8.9e-05,UTC+8,"[-0.0278, -0.0828, -0.003, 0.4685, 0.5686, 1.257]","[-0.0295, -0.0365, -0.0278]"
1735226502153,BTC_USDT,95739.2,-0.0279,95750.0,95789.4,930754807,9072108376.69106,105368.3,86210.4,95153.1,99949.9,95743.8,95743.9,172785294,-2754.1,8.9e-05,UTC+8,"[-0.0279, -0.0829, -0.0031, 0.4683, 0.5684, 1.2567]","[-0.0296, -0.0366, -0.0279]"
1735226505164,BTC_USDT,95749.9,-0.0278,95757.9,95799.2,930767826,9072233032.85555,105379.1,86219.2,95153.1,99949.9,95749.9,95750.0,172791860,-2743.4,8.9e-05,UTC+8,"[-0.0278, -0.0828, -0.003, 0.4685, 0.5686, 1.257]","[-0.0295, -0.0365, -0.0278]"
1735226507165,BTC_USDT,95749.9,-0.0278,95758.5,95799.9,930784393,9072391661.81839,105379.8,86219.9,95153.1,99949.9,95749.9,95750.0,172792368,-2743.4,8.9e-05,UTC+8,"[-0.0278, -0.0828, -0.003, 0.4685, 0.5686, 1.257]","[-0.0295, -0.0365, -0.0278]"
1735226509167,BTC_USDT,95750.0,-0.0278,95761.3,95802.8,930785235,9072399723.96094,105383.0,86222.5,95153.1,99949.9,95749.9,95750.0,172792998,-2743.3,8.9e-05,UTC+8,"[-0.0278, -0.0828, -0.003, 0.4685, 0.5686, 1.257]","[-0.0295, -0.0365, -0.0278]"
1735226511165,BTC_USDT,95749.9,-0.0278,95761.1,95802.8,930785418,9072401476.18514,105383.0,86222.5,95153.1,99949.9,95749.9,95750.0,172792929,-2743.4,8.9e-05,UTC+8,"[-0.0278, -0.0828, -0.003, 0.4685, 0.5686, 1.257]","[-0.0295, -0.0365, -0.0278]"
1735226514165,BTC_USDT,95760.0,-0.0277,95770.4,95812.2,930806187,9072600350.37509,105393.4,86230.9,95153.1,99949.9,95761.3,95761.4,172680490,-2733.3,8.9e-05,UTC+8,"[-0.0277, -0.0827, -0.0029, 0.4687, 0.5688, 1.2572]","[-0.0294, -0.0364, -0.0277]"
1735226516164,BTC_USDT,95783.1,-0.0275,95784.1,95826.1,930855722,9073074765.22974,105408.7,86243.4,95153.1,99949.9,95783.0,95783.1,172802934,-2710.2,8.9e-05,UTC+8,"[-0.0275, -0.0824, -0.0026, 0.469, 0.5691, 1.2578]","[-0.0292, -0.0361, -0.0275]"
1735226518167,BTC_USDT,95788.0,-0.0274,95794.2,95836.2,930862980,9073144287.34382,105419.8,86252.5,95153.1,99949.9,95794.7,95794.8,172830366,-2705.3,8.9e-05,UTC+8,"[-0.0274, -0.0824, -0.0026, 0.4691, 0.5692, 1.2579]","[-0.0291, -0.0361, -0.0274]"
1735226521170,BTC_USDT,95820.0,-0.0271,95821.7,95863.8,931053992,9074974441.72576,105450.1,86277.4,95153.1,99949.9,95820.0,95820.1,172955692,-2673.3,8.9e-05,UTC+8,"[-0.0271, -0.0821, -0.0022, 0.4696, 0.5697, 1.2586]","[-0.0288, -0.0358, -0.0271]"
1735226523166,BTC_USDT,95838.0,-0.0269,95844.3,95886.7,931146563,9075861597.89285,105475.3,86298.0,95153.1,99949.9,95837.9,95838.0,172999468,-2655.3,8.9e-05,UTC+8,"[-0.0269, -0.0819, -0.0021, 0.4699, 0.57, 1.259]","[-0.0286, -0.0356, -0.0269]"
1735226525161,BTC_USDT,95837.9,-0.0269,95844.7,95886.8,931195535,9076330935.53071,105475.4,86298.1,95153.1,99949.9,95837.9,95838.0,173035670,-2655.4,8.9e-05,UTC+8,"[-0.0269, -0.0819, -0.0021, 0.4699, 0.57, 1.259]","[-0.0286, -0.0356, -0.0269]"
1735226527163,BTC_USDT,95845.7,-0.0268,95845.7,95887.6,931219632,9076561894.59001,105476.3,86298.8,95153.1,99949.9,95845.6,95845.7,173096787,-2647.6,8.9e-05,UTC+8,"[-0.0268, -0.0818, -0.002, 0.47, 0.5702, 1.2592]","[-0.0286, -0.0355, -0.0268]"
1735226530168,BTC_USDT,95845.7,-0.0268,95845.8,95887.6,931274126,9077084196.0549,105476.3,86298.8,95153.1,99949.9,95845.7,95845.8,172526317,-2647.6,8.9e-05,UTC+8,"[-0.0268, -0.0818, -0.002, 0.47, 0.5702, 1.2592]","[-0.0286, -0.0355, -0.0268]"
1735226532165,BTC_USDT,95858.7,-0.0267,95858.7,95899.1,931307940,9077408321.0925,105489.0,86309.1,95153.1,99949.9,95858.6,95858.7,172553014,-2634.6,8.9e-05,UTC+8,"[-0.0267, -0.0817, -0.0018, 0.4702, 0.5704, 1.2595]","[-0.0284, -0.0354, -0.0267]"
1735226534156,BTC_USDT,95873.9,-0.0265,95876.5,95918.6,931365490,9077960015.6091,105510.4,86326.7,95153.1,99949.9,95873.8,95873.9,172653138,-2619.4,8.9e-05,UTC+8,"[-0.0265, -0.0816, -0.0017, 0.4704, 0.5706, 1.2599]","[-0.0283, -0.0352, -0.0265]"
1735226536163,BTC_USDT,95829.2,-0.027,95853.9,95882.1,931406370,9078351896.95661,105470.3,86293.8,95153.1,99949.9,95829.2,95829.3,172664992,-2664.1,8.9e-05,UTC+8,"[-0.027, -0.082, -0.0021, 0.4697, 0.5699, 1.2588]","[-0.0287, -0.0357, -0.027]"
1735226539166,BTC_USDT,95806.9,-0.0272,95818.2,95859.4,931458540,9078851732.2743,105445.3,86273.4,95153.1,99949.9,95806.9,95807.0,172720173,-2686.4,8.9e-05,UTC+8,"[-0.0272, -0.0822, -0.0024, 0.4694, 0.5695, 1.2583]","[-0.0289, -0.0359, -0.0272]"
1735226541152,BTC_USDT,95783.9,-0.0275,95792.5,95828.1,931471626,9078977088.20954,105410.9,86245.2,95153.1,99949.9,95782.6,95782.7,172733076,-2709.4,8.9e-05,UTC+8,"[-0.0275, -0.0824, -0.0026, 0.469, 0.5692, 1.2578]","[-0.0292, -0.0361, -0.0275]"
1735226543167,BTC_USDT,95785.7,-0.0274,95789.1,95831.4,931479461,9079052135.36512,105414.5,86248.2,95153.1,99949.9,95785.7,95785.8,172746554,-2707.6,8.9e-05,UTC+8,"[-0.0274, -0.0824, -0.0026, 0.4691, 0.5692, 1.2578]","[-0.0292, -0.0361, -0.0274]"
1735226546167,BTC_USDT,95820.0,-0.0271,95791.7,95834.0,931504093,9079288100.09004,105417.4,86250.6,95153.1,99949.9,95824.0,95824.1,172762059,-2673.3,8.9e-05,UTC+8,"[-0.0271, -0.0821, -0.0022, 0.4696, 0.5697, 1.2586]","[-0.0288, -0.0358, -0.0271]"
1735226548164,BTC_USDT,95828.6,-0.027,95824.1,95872.1,931511438,9079358483.42525,105459.3,86284.8,95153.1,99949.9,95828.6,95828.7,172778184,-2664.7,8.9e-05,UTC+8,"[-0.027, -0.082, -0.0022, 0.4697, 0.5699, 1.2588]","[-0.0287, -0.0357, -0.027]"
1735226550159,BTC_USDT,95836.3,-0.0269,95836.2,95873.1,931518273,9079423984.8535,105460.4,86285.7,95153.1,99949.9,95826.7,95826.8,172784311,-2657.0,8.9e-05,UTC+8,"[-0.0269, -0.0819, -0.0021, 0.4698, 0.57, 1.259]","[-0.0286, -0.0356, -0.0269]"
1735226552163,BTC_USDT,95835.7,-0.0269,95829.4,95871.8,931535258,9079586734.64178,105458.9,86284.6,95153.1,99949.9,95835.7,95835.8,172811109,-2657.6,8.9e-05,UTC+8,"[-0.0269, -0.0819, -0.0021, 0.4698, 0.57, 1.259]","[-0.0287, -0.0356, -0.0269]"
1735226555153,BTC_USDT,95836.7,-0.0269,95830.5,95872.8,931574777,9079965467.522,105460.0,86285.5,95153.1,99949.9,95836.6,95836.7,172892145,-2656.6,8.9e-05,UTC+8,"[-0.0269, -0.0819, -0.0021, 0.4698, 0.57, 1.259]","[-0.0286, -0.0356, -0.0269]"
1735226557155,BTC_USDT,95839.6,-0.0269,95841.9,95884.2,931586246,9080075391.94755,105472.6,86295.7,95153.1,99949.9,95839.6,95839.7,172893506,-2653.7,8.9e-05,UTC+8,"[-0.0269, -0.0819, -0.002, 0.4699, 0.5701, 1.2591]","[-0.0286, -0.0356, -0.0269]"
1735226559157,BTC_USDT,95839.6,-0.0269,95841.4,95883.7,931589123,9080102965.02015,105472.0,86295.3,95153.1,99949.9,95839.6,95839.7,172490086,-2653.7,8.9e-05,UTC+8,"[-0.0269, -0.0819, -0.002, 0.4699, 0.5701, 1.2591]","[-0.0286, -0.0356, -0.0269]"
1735226561161,BTC_USDT,95836.3,-0.0269,95841.4,95883.7,931612550,9080327479.13707,105472.0,86295.3,95153.1,99949.9,95836.3,95836.4,172540069,-2657.0,8.9e-05,UTC+8,"[-0.0269, -0.0819, -0.0021, 0.4698, 0.57, 1.259]","[-0.0286, -0.0356, -0.0269]"
1735226564165,BTC_USDT,95839.2,-0.0269,95841.9,95887.7,931620558,9080404227.32773,105476.4,86298.9,95153.1,99949.9,95840.3,95844.0,172546214,-2654.1,8.9e-05,UTC+8,"[-0.0269, -0.0819, -0.002, 0.4699, 0.5701, 1.2591]","[-0.0286, -0.0356, -0.0269]"
1735226566167,BTC_USDT,95868.0,-0.0266,95860.8,95890.0,931730768,9081460561.67657,105479.0,86301.0,95153.1,99949.9,95867.9,95868.0,172591786,-2625.3,8.9e-05,UTC+8,"[-0.0266, -0.0816, -0.0017, 0.4703, 0.5705, 1.2598]","[-0.0283, -0.0353, -0.0266]"
1735226568167,BTC_USDT,95890.0,-0.0264,95879.2,95921.7,931785731,9081987496.89106,105513.8,86329.5,95153.1,99949.9,95903.9,95904.0,172675378,-2603.3,8.9e-05,UTC+8,"[-0.0264, -0.0814, -0.0015, 0.4707, 0.5709, 1.2603]","[-0.0281, -0.0351, -0.0264]"
1735226571163,BTC_USDT,95923.5,-0.026,95924.4,95966.6,932215250,9086107250.00597,105563.2,86369.9,95153.1,99949.9,95916.5,95916.6,172425646,-2569.8,8.9e-05,UTC+8,"[-0.026, -0.0811, -0.0012, 0.4712, 0.5714, 1.2611]","[-0.0278, -0.0347, -0.026]"
1735226573146,BTC_USDT,95923.8,-0.026,95930.0,95966.7,932230812,9086256526.98967,105563.3,86370.0,95153.1,99949.9,95923.8,95923.9,172438322,-2569.5,8.9e-05,UTC+8,"[-0.026, -0.0811, -0.0012, 0.4712, 0.5714, 1.2611]","[-0.0278, -0.0347, -0.026]"
1735226575160,BTC_USDT,95930.2,-0.026,95930.0,95966.9,932287858,9086803751.88674,105563.5,86370.2,95153.1,99949.9,95930.1,95930.2,172457892,-2563.1,8.9e-05,UTC+8,"[-0.026, -0.081, -0.0011, 0.4713, 0.5715, 1.2612]","[-0.0277, -0.0347, -0.026]"
1735226577150,BTC_USDT,95935.4,-0.0259,95933.5,95975.0,932387669,9087761254.8431,105572.5,86377.5,95153.1,99949.9,95928.8,95928.9,172461517,-2557.9,8.9e-05,UTC+8,"[-0.0259, -0.081, -0.001, 0.4714, 0.5716, 1.2613]","[-0.0276, -0.0346, -0.0259]"
1735226580156,BTC_USDT,95968.3,-0.0256,95969.5,95976.4,932444177,9088303410.0347,105574.0,86378.7,95153.1,99949.9,95968.3,95968.4,172535612,-2525.0,8.9e-05,UTC+8,"[-0.0256, -0.0807, -0.0007, 0.4719, 0.5722, 1.2621]","[-0.0273, -0.0343, -0.0256]"
1735226582170,BTC_USDT,95981.7,-0.0255,95969.5,95999.4,932608380,9089879235.08438,105599.3,86399.4,95153.1,99949.9,95981.6,95981.7,172581379,-2511.6,8.9e-05,UTC+8,"[-0.0255, -0.0805, -0.0006, 0.4721, 0.5724, 1.2624]","[-0.0272, -0.0341, -0.0255]"
1735226584165,BTC_USDT,95967.7,-0.0256,95981.7,96022.0,932675182,9090520407.54146,105624.2,86419.8,95153.1,99949.9,95967.6,95967.7,172615107,-2525.6,8.9e-05,UTC+8,"[-0.0256, -0.0807, -0.0007, 0.4718, 0.5722, 1.2621]","[-0.0273, -0.0343, -0.0256]"
1735226587165,BTC_USDT,95946.8,-0.0258,95970.4,96012.4,932729421,9091040906.53444,105613.6,86411.1,95153.1,99949.9,95946.8,95946.9,172711594,-2546.5,8.9e-05,UTC+8,"[-0.0258, -0.0809, -0.0009, 0.4715, 0.5718, 1.2616]","[-0.0275, -0.0345, -0.0258]"
1735226589153,BTC_USDT,95917.1,-0.0261,95939.0,95980.8,932791125,9091632856.50096,105578.8,86382.7,95153.1,99949.9,95913.5,95913.6,172723550,-2576.2,8.9e-05,UTC+8,"[-0.0261, -0.0812, -0.0012, 0.4711, 0.5713, 1.2609]","[-0.0278, -0.0348, -0.0261]"
1735226591155,BTC_USDT,95918.3,-0.0261,95927.5,95969.6,932825679,9091964286.83138,105566.5,86372.6,95153.1,99949.9,95918.3,95918.4,171879782,-2575.0,8.9e-05,UTC+8,"[-0.0261, -0.0811, -0.0012, 0.4711, 0.5714, 1.2609]","[-0.0278, -0.0348, -0.0261]"
1735226593166,BTC_USDT,95912.8,-0.0261,95931.4,95973.7,932889906,9092580362.88891,105571.0,86376.3,95153.1,99949.9,95912.7,95912.8,171984549,-2580.5,8.9e-05,UTC+8,"[-0.0261, -0.0812, -0.0013, 0.471, 0.5713, 1.2608]","[-0.0279, -0.0348, -0.0261]"
1735226596168,BTC_USDT,95903.6,-0.0262,95912.7,95955.0,932945065,9093109379.09238,105550.5,86359.5,95153.1,99949.9,95903.6,95903.7,172056873,-2589.7,8.9e-05,UTC+8,"[-0.0262, -0.0813, -0.0014, 0.4709, 0.5711, 1.2606]","[-0.028, -0.0349, -0.0262]"
1735226598168,BTC_USDT,95903.7,-0.0262,95906.9,95949.3,932961053,9093262709.79025,105544.2,86354.3,95153.1,99949.9,95891.5,95891.6,172070110,-2589.6,8.9e-05,UTC+8,"[-0.0262, -0.0813, -0.0014, 0.4709, 0.5711, 1.2606]","[-0.028, -0.0349, -0.0262]"
1735226600167,BTC_USDT,95921.8,-0.0261,95925.9,95968.3,932979824,9093442753.99477,105565.1,86371.4,95153.1,99949.9,95921.8,95921.9,172083333,-2571.5,8.9e-05,UTC+8,"[-0.0261, -0.0811, -0.0012, 0.4711, 0.5714, 1.261]","[-0.0278, -0.0347, -0.0261]"
1735226602167,BTC_USDT,95890.1,-0.0264,95929.4,95971.9,933000820,9093644117.94867,105569.0,86374.7,95153.1,99949.9,95890.0,95890.1,172113073,-2603.2,8.9e-05,UTC+8,"[-0.0264, -0.0814, -0.0015, 0.4707, 0.5709, 1.2603]","[-0.0281, -0.0351, -0.0264]"
1735226605156,BTC_USDT,95913.8,-0.0261,95925.4,95956.6,933033086,9093953579.96568,105552.2,86360.9,95153.1,99949.9,95913.8,95913.9,172125576,-2579.5,8.9e-05,UTC+8,"[-0.0261, -0.0812, -0.0013, 0.471, 0.5713, 1.2608]","[-0.0279, -0.0348, -0.0261]"
1735226607159,BTC_USDT,95900.0,-0.0263,95920.0,95962.7,933039387,9094014015.26235,105558.9,86366.4,95153.1,99949.9,95899.9,95900.0,172130000,-2593.3,8.9e-05,UTC+8,"[-0.0263, -0.0813, -0.0014, 0.4708, 0.5711, 1.2605]","[-0.028, -0.035, -0.0263]"
1735226609156,BTC_USDT,95899.9,-0.0263,95904.8,95947.5,933073471,9094340877.52685,105542.2,86352.7,95153.1,99949.9,95899.9,95900.0,172152781,-2593.4,8.9e-05,UTC+8,"[-0.0263, -0.0813, -0.0014, 0.4708, 0.5711, 1.2605]","[-0.028, -0.035, -0.0263]"
1735226611150,BTC_USDT,95889.1,-0.0264,95896.8,95939.5,933267188,9096198415.98819,105533.4,86345.5,95153.1,99949.9,95889.1,95889.3,171770414,-2604.2,8.9e-05,UTC+8,"[-0.0264, -0.0814, -0.0015, 0.4706, 0.5709, 1.2603]","[-0.0281, -0.0351, -0.0264]"
1735226614168,BTC_USDT,95914.1,-0.0261,95891.3,95934.7,933374077,9097223358.52238,105528.1,86341.2,95153.1,99949.9,95917.6,95917.7,171799347,-2579.2,8.9e-05,UTC+8,"[-0.0261, -0.0812, -0.0013, 0.471, 0.5713, 1.2608]","[-0.0279, -0.0348, -0.0261]"
1735226616164,BTC_USDT,95924.9,-0.026,95933.1,95976.2,933409584,9097563955.10525,105573.8,86378.5,95153.1,99949.9,95924.9,95925.0,171807199,-2568.4,8.9e-05,UTC+8,"[-0.026, -0.0811, -0.0012, 0.4712, 0.5715, 1.2611]","[-0.0277, -0.0347, -0.026]"
1735226618171,BTC_USDT,95948.4,-0.0258,95948.4,95990.9,933424493,9097706997.46978,105589.9,86391.8,95153.1,99949.9,95957.7,95958.5,171838087,-2544.9,8.9e-05,UTC+8,"[-0.0258, -0.0809, -0.0009, 0.4716, 0.5718, 1.2617]","[-0.0275, -0.0345, -0.0258]"
1735226621196,BTC_USDT,95979.4,-0.0255,95980.0,96023.3,933465305,9098098692.61614,105625.6,86420.9,95153.1,99949.9,95979.3,95979.4,171867765,-2513.9,8.9e-05,UTC+8,"[-0.0255, -0.0806, -0.0006, 0.472, 0.5724, 1.2624]","[-0.0272, -0.0342, -0.0255]"
1735226623150,BTC_USDT,95987.8,-0.0254,95987.8,96023.5,933546902,9098881921.88301,105625.8,86421.1,95153.1,99949.9,95973.7,95973.8,172053435,-2505.5,8.9e-05,UTC+8,"[-0.0254, -0.0805, -0.0005, 0.4722, 0.5725, 1.2626]","[-0.0271, -0.0341, -0.0254]"
1735226625144,BTC_USDT,95990.4,-0.0254,95979.5,96022.0,933588791,9099283989.12804,105624.2,86419.8,95153.1,99949.9,95982.7,95982.8,172067760,-2502.9,8.9e-05,UTC+8,"[-0.0254, -0.0805, -0.0005, 0.4722, 0.5725, 1.2626]","[-0.0271, -0.0341, -0.0254]"
1735226627157,BTC_USDT,95955.5,-0.0257,95974.7,96000.3,933597305,9099365707.75219,105600.3,86400.2,95153.1,99949.9,95955.5,95955.6,172067468,-2537.8,8.9e-05,UTC+8,"[-0.0257, -0.0808, -0.0008, 0.4717, 0.572, 1.2618]","[-0.0274, -0.0344, -0.0257]"
1735226630153,BTC_USDT,95942.6,-0.0258,95942.6,95985.8,933608518,9099473294.52682,105584.3,86387.2,95153.1,99949.9,95942.6,95942.7,172099152,-2550.7,8.9e-05,UTC+8,"[-0.0258, -0.0809, -0.001, 0.4715, 0.5718, 1.2615]","[-0.0276, -0.0345, -0.0258]"
1735226632162,BTC_USDT,95967.4,-0.0256,95967.4,96003.5,933624479,9099626456.12556,105603.8,86403.1,95153.1,99949.9,95967.4,95967.5,172105790,-2525.9,8.9e-05,UTC+8,"[-0.0256, -0.0807, -0.0007, 0.4718, 0.5722, 1.2621]","[-0.0273, -0.0343, -0.0256]"
1735226634163,BTC_USDT,95967.4,-0.0256,95967.7,96011.2,933687013,9100226579.10754,105612.3,86410.0,95153.1,99949.9,95967.4,95967.5,171854686,-2525.9,8.9e-05,UTC+8,"[-0.0256, -0.0807, -0.0007, 0.4718, 0.5722, 1.2621]","[-0.0273, -0.0343, -0.0256]"
1735226636166,BTC_USDT,95958.7,-0.0257,95967.2,96010.8,933690688,9100261844.19871,105611.8,86409.7,95153.1,99949.9,95958.6,95958.7,171861030,-2534.6,8.9e-05,UTC+8,"[-0.0257, -0.0808, -0.0008, 0.4717, 0.572, 1.2619]","[-0.0274, -0.0344, -0.0257]"
1735226639168,BTC_USDT,95954.8,-0.0257,95966.7,96010.4,933719475,9100538079.07451,105611.4,86409.3,95153.1,99949.9,95954.8,95954.9,171885470,-2538.5,8.9e-05,UTC+8,"[-0.0257, -0.0808, -0.0008, 0.4716, 0.572, 1.2618]","[-0.0274, -0.0344, -0.0257]"
1735226641164,BTC_USDT,95954.8,-0.0257,95961.2,96005.0,933729334,9100632680.93086,105605.5,86404.5,95153.1,99949.9,95954.8,95954.9,171912355,-2538.5,9e-05,UTC+8,"[-0.0257, -0.0808, -0.0008, 0.4716, 0.572, 1.2618]","[-0.0274, -0.0344, -0.0257]"
1735226643160,BTC_USDT,95968.2,-0.0256,95968.2,96005.0,933738286,9100718580.71634,105605.5,86404.5,95153.1,99949.9,96007.4,96007.5,171970675,-2525.1,9e-05,UTC+8,"[-0.0256, -0.0807, -0.0007, 0.4719, 0.5722, 1.2621]","[-0.0273, -0.0343, -0.0256]"
1735226646163,BTC_USDT,96050.0,-0.0248,96050.0,96076.7,933920518,9102468366.30831,105684.3,86469.0,95153.1,99949.9,96049.9,96050.0,171988588,-2443.3,9e-05,UTC+8,"[-0.0248, -0.0799, 0.0, 0.4731, 0.5735, 1.264]","[-0.0265, -0.0335, -0.0248]"
1735226648166,BTC_USDT,96040.0,-0.0249,96039.9,96078.1,933943615,9102690203.35972,105685.9,86470.2,95153.1,99949.9,96039.9,96040.0,171995317,-2453.3,9e-05,UTC+8,"[-0.0249, -0.08, 0.0, 0.473, 0.5733, 1.2638]","[-0.0266, -0.0336, -0.0249]"
1735226650163,BTC_USDT,96020.2,-0.0251,96035.0,96078.8,934005517,9103284653.03817,105686.6,86470.9,95153.1,99949.9,96018.5,96018.6,172009306,-2473.1,9e-05,UTC+8,"[-0.0251, -0.0802, -0.0002, 0.4727, 0.573, 1.2633]","[-0.0268, -0.0338, -0.0251]"
1735226652167,BTC_USDT,96000.1,-0.0253,96004.8,96043.5,934026998,9103490900.08453,105647.8,86439.1,95153.1,99949.9,96000.0,96000.1,172018969,-2493.2,9e-05,UTC+8,"[-0.0253, -0.0804, -0.0004, 0.4723, 0.5727, 1.2629]","[-0.027, -0.034, -0.0253]"
1735226655163,BTC_USDT,96004.7,-0.0252,95999.3,96043.1,934050406,9103715615.23634,105647.4,86438.7,95153.1,99949.9,96004.7,96004.8,171746377,-2488.6,9e-05,UTC+8,"[-0.0252, -0.0803, -0.0003, 0.4724, 0.5728, 1.263]","[-0.0269, -0.0339, -0.0252]"
1735226657158,BTC_USDT,96004.8,-0.0252,96004.7,96043.7,934077978,9103980319.64048,105648.0,86439.3,95153.1,99949.9,96004.7,96004.8,171762300,-2488.5,9e-05,UTC+8,"[-0.0252, -0.0803, -0.0003, 0.4724, 0.5728, 1.263]","[-0.0269, -0.0339, -0.0252]"
1735226659165,BTC_USDT,95975.0,-0.0255,95986.0,96030.0,934101879,9104209739.64249,105633.0,86427.0,95153.1,99949.9,95973.9,95974.0,171844236,-2518.3,9e-05,UTC+8,"[-0.0255, -0.0806, -0.0006, 0.472, 0.5723, 1.2623]","[-0.0272, -0.0342, -0.0255]"
1735226661167,BTC_USDT,95994.2,-0.0253,95977.9,96021.9,934126572,9104446730.61797,105624.0,86419.7,95153.1,99949.9,95994.2,95994.3,171880750,-2499.1,9e-05,UTC+8,"[-0.0253, -0.0804, -0.0004, 0.4723, 0.5726, 1.2627]","[-0.027, -0.034, -0.0253]"
1735226664166,BTC_USDT,96004.7,-0.0252,95998.5,96042.5,934158177,9104750127.52475,105646.7,86438.2,95153.1,99949.9,96004.6,96004.7,171891637,-2488.6,9e-05,UTC+8,"[-0.0252, -0.0803, -0.0003, 0.4724, 0.5728, 1.263]","[-0.0269, -0.0339, -0.0252]"
1735226666165,BTC_USDT,96004.7,-0.0252,96004.6,96043.0,934166425,9104829312.1939,105647.3,86438.7,95153.1,99949.9,96004.6,96004.7,171903996,-2488.6,9e-05,UTC+8,"[-0.0252, -0.0803, -0.0003, 0.4724, 0.5728, 1.263]","[-0.0269, -0.0339, -0.0252]"
1735226668167,BTC_USDT,96017.1,-0.0251,96014.0,96058.1,934195205,9105105624.84329,105663.9,86452.2,95153.1,99949.9,96017.1,96017.2,171928882,-2476.2,9e-05,UTC+8,"[-0.0251, -0.0802, -0.0002, 0.4726, 0.573, 1.2633]","[-0.0268, -0.0338, -0.0251]"
1735226670166,BTC_USDT,96040.0,-0.0249,96035.5,96076.1,934207858,9105227135.67432,105683.7,86468.4,95153.1,99949.9,96043.2,96043.3,171952491,-2453.3,9e-05,UTC+8,"[-0.0249, -0.08, 0.0, 0.473, 0.5733, 1.2638]","[-0.0266, -0.0336, -0.0249]"
1735226673164,BTC_USDT,96035.4,-0.0249,96033.4,96077.8,934265240,9105778195.74173,105685.5,86470.0,95153.1,99949.9,96025.7,96025.8,171967417,-2457.9,9e-05,UTC+8,"[-0.0249, -0.08, 0.0, 0.4729, 0.5733, 1.2637]","[-0.0266, -0.0336, -0.0249]"
1735226675162,BTC_USDT,96025.7,-0.025,96031.7,96076.1,934289314,9106009383.48591,105683.7,86468.4,95153.1,99949.9,96025.7,96025.8,171985118,-2467.6,9e-05,UTC+8,"[-0.025, -0.0801, -0.0001, 0.4727, 0.5731, 1.2635]","[-0.0267, -0.0337, -0.025]"
1735226677165,BTC_USDT,95998.4,-0.0253,96017.8,96062.3,934314385,9106250103.86125,105668.5,86456.0,95153.1,99949.9,95998.4,95998.5,172008208,-2494.9,9e-05,UTC+8,"[-0.0253, -0.0804, -0.0004, 0.4723, 0.5727, 1.2628]","[-0.027, -0.034, -0.0253]"
1735226680169,BTC_USDT,96005.5,-0.0252,96003.6,96048.2,934403131,9107102150.90009,105653.0,86443.3,95153.1,99949.9,96005.5,96005.6,171957873,-2487.8,9e-05,UTC+8,"[-0.0252, -0.0803, -0.0003, 0.4724, 0.5728, 1.263]","[-0.0269, -0.0339, -0.0252]"
1735226682198,BTC_USDT,96005.5,-0.0252,96005.5,96048.4,934433181,9107390647.71311,105653.2,86443.5,95153.1,99949.9,96005.5,96005.6,171962773,-2487.8,9e-05,UTC+8,"[-0.0252, -0.0803, -0.0003, 0.4724, 0.5728, 1.263]","[-0.0269, -0.0339, -0.0252]"
1735226684168,BTC_USDT,95984.4,-0.0254,95993.0,96037.5,934472586,9107768935.22022,105641.2,86433.7,95153.1,99949.9,95984.3,95984.4,171999212,-2508.9,9e-05,UTC+8,"[-0.0254, -0.0805, -0.0005, 0.4721, 0.5724, 1.2625]","[-0.0271, -0.0341, -0.0254]"
1735226686163,BTC_USDT,95973.0,-0.0255,95982.0,96026.3,934482834,9107867293.59362,105628.9,86423.6,95153.1,99949.9,95972.9,95973.0,172012442,-2520.3,9e-05,UTC+8,"[-0.0255, -0.0806, -0.0007, 0.4719, 0.5722, 1.2622]","[-0.0273, -0.0342, -0.0255]"
1735226689155,BTC_USDT,96015.9,-0.0251,96015.8,96053.9,934603436,9109025109.77188,105659.2,86448.5,95153.1,99949.9,96015.8,96015.9,172067162,-2477.4,9e-05,UTC+8,"[-0.0251, -0.0802, -0.0002, 0.4726, 0.573, 1.2632]","[-0.0268, -0.0338, -0.0251]"
1735226691166,BTC_USDT,96009.8,-0.0252,96021.1,96056.7,934621629,9109199796.42053,105662.3,86451.0,95153.1,99949.9,96009.8,96009.9,172074106,-2483.5,9e-05,UTC+8,"[-0.0252, -0.0803, -0.0003, 0.4725, 0.5729, 1.2631]","[-0.0269, -0.0339, -0.0252]"
1735226693165,BTC_USDT,95973.2,-0.0255,95978.7,96023.2,934626300,9109244639.94264,105625.5,86420.8,95153.1,99949.9,95973.1,95973.2,172077264,-2520.1,9e-05,UTC+8,"[-0.0255, -0.0806, -0.0006, 0.4719, 0.5723, 1.2622]","[-0.0273, -0.0342, -0.0255]"
1735226696170,BTC_USDT,96009.6,-0.0252,96009.5,96042.1,934699790,9109950190.89255,105646.3,86437.8,95153.1,99949.9,96011.9,96012.0,172313996,-2483.7,9e-05,UTC+8,"[-0.0252, -0.0803, -0.0003, 0.4725, 0.5728, 1.2631]","[-0.0269, -0.0339, -0.0252]"
1735226698169,BTC_USDT,96012.0,-0.0251,96011.9,96045.4,934798288,9110895889.62468,105649.9,86440.8,95153.1,99949.9,96011.9,96012.0,172334487,-2481.3,9e-05,UTC+8,"[-0.0251, -0.0803, -0.0002, 0.4725, 0.5729, 1.2632]","[-0.0269, -0.0338, -0.0251]"
1735226700198,BTC_USDT,96011.8,-0.0251,96011.8,96045.3,934802308,9110934483.69797,105649.8,86440.7,95153.1,99949.9,96011.7,96011.8,171483300,-2481.5,9e-05,UTC+8,"[-0.0251, -0.0803, -0.0002, 0.4725, 0.5729, 1.2631]","[-0.0269, -0.0338, -0.0251]"
1735226702171,BTC_USDT,96012.3,-0.0251,96023.4,96061.0,934809607,9111004562.77634,105667.1,86454.9,95153.1,99949.9,96023.0,96023.1,171484790,-2481.0,9e-05,UTC+8,"[-0.0251, -0.0802, -0.0002, 0.4725, 0.5729, 1.2632]","[-0.0269, -0.0338, -0.0251]"
1735226705153,BTC_USDT,95992.4,-0.0253,96015.7,96060.4,934867074,9111556339.33217,105666.4,86454.3,95153.1,99949.9,95989.0,95989.1,171523695,-2500.9,9e-05,UTC+8,"[-0.0253, -0.0804, -0.0004, 0.4722, 0.5726, 1.2627]","[-0.0271, -0.034, -0.0253]"
1735226707157,BTC_USDT,96023.0,-0.025,96000.8,96045.7,934876081,9111642815.01635,105650.2,86441.1,95153.1,99949.9,96022.9,96023.0,171537530,-2470.3,9e-05,UTC+8,"[-0.025, -0.0801, -0.0001, 0.4727, 0.5731, 1.2634]","[-0.0268, -0.0337, -0.025]"
1735226709161,BTC_USDT,96029.8,-0.025,96028.7,96073.6,934929556,9112156297.97761,105680.9,86466.2,95153.1,99949.9,96029.7,96029.8,171555940,-2463.5,9e-05,UTC+8,"[-0.025, -0.0801, -0.0001, 0.4728, 0.5732, 1.2636]","[-0.0267, -0.0337, -0.025]"
1735226711142,BTC_USDT,96030.8,-0.025,96033.9,96078.8,934935035,9112208912.97008,105686.6,86470.9,95153.1,99949.9,96030.8,96030.9,171559962,-2462.5,9e-05,UTC+8,"[-0.025, -0.0801, 0.0, 0.4728, 0.5732, 1.2636]","[-0.0267, -0.0336, -0.025]"
1735226714178,BTC_USDT,96035.2,-0.0249,96039.8,96084.7,934946244,9112316556.40054,105693.1,86476.2,95153.1,99949.9,96035.2,96035.3,171563601,-2458.1,9e-05,UTC+8,"[-0.0249, -0.08, 0.0, 0.4729, 0.5733, 1.2637]","[-0.0266, -0.0336, -0.0249]"
1735226716169,BTC_USDT,96035.2,-0.0249,96040.6,96085.6,934946882,9112322683.45023,105694.1,86477.0,95153.1,99949.9,96031.5,96031.6,171490561,-2458.1,9e-05,UTC+8,"[-0.0249, -0.08, 0.0, 0.4729, 0.5733, 1.2637]","[-0.0266, -0.0336, -0.0249]"
1735226718165,BTC_USDT,96031.5,-0.0249,96040.5,96085.4,934961668,9112464675.8413,105693.9,86476.8,95153.1,99949.9,96031.5,96031.6,171515019,-2461.8,9e-05,UTC+8,"[-0.0249, -0.0801, 0.0, 0.4728, 0.5732, 1.2636]","[-0.0267, -0.0336, -0.0249]"
1735226721141,BTC_USDT,96029.1,-0.025,96040.4,96084.5,934980937,9112649722.82073,105692.9,86476.0,95153.1,99949.9,96029.0,96029.1,171531471,-2464.2,9e-05,UTC+8,"[-0.025, -0.0801, -0.0001, 0.4728, 0.5732, 1.2636]","[-0.0267, -0.0337, -0.025]"
1735226723151,BTC_USDT,96024.8,-0.025,96024.7,96064.1,934987803,9112715655.99987,105670.5,86457.6,95153.1,99949.9,96003.5,96003.6,171540226,-2468.5,9e-05,UTC+8,"[-0.025, -0.0801, -0.0001, 0.4727, 0.5731, 1.2635]","[-0.0267, -0.0337, -0.025]"
1735226725165,BTC_USDT,95992.8,-0.0253,96000.5,96045.7,934996523,9112799372.16437,105650.2,86441.1,95153.1,99949.9,95990.4,95990.5,171552542,-2500.5,9e-05,UTC+8,"[-0.0253, -0.0804, -0.0004, 0.4722, 0.5726, 1.2627]","[-0.0271, -0.034, -0.0253]"
1735226727153,BTC_USDT,96022.8,-0.025,96018.0,96063.2,935081472,9113614768.56495,105669.5,86456.8,95153.1,99949.9,96022.7,96022.8,171790682,-2470.5,9e-05,UTC+8,"[-0.025, -0.0801, -0.0001, 0.4727, 0.5731, 1.2634]","[-0.0268, -0.0337, -0.025]"
1735226730155,BTC_USDT,96011.7,-0.0251,96022.8,96063.2,935161692,9114385050.56232,105669.5,86456.8,95153.1,99949.9,96002.1,96002.2,171876387,-2481.6,9e-05,UTC+8,"[-0.0251, -0.0803, -0.0002, 0.4725, 0.5729, 1.2631]","[-0.0269, -0.0338, -0.0251]"
1735226732167,BTC_USDT,96011.2,-0.0252,96008.6,96054.0,935168823,9114453512.48711,105659.4,86448.6,95153.1,99949.9,96011.2,96011.3,171888948,-2482.1,9e-05,UTC+8,"[-0.0252, -0.0803, -0.0003, 0.4725, 0.5729, 1.2631]","[-0.0269, -0.0338, -0.0252]"
1735226734164,BTC_USDT,96035.1,-0.0249,96041.3,96086.7,935191631,9114672536.67724,105695.3,86478.0,95153.1,99949.9,96035.1,96035.2,171415159,-2458.2,9e-05,UTC+8,"[-0.0249, -0.08, 0.0, 0.4729, 0.5733, 1.2637]","[-0.0266, -0.0336, -0.0249]"
1735226736167,BTC_USDT,96035.1,-0.0249,96037.8,96083.3,935204594,9114797023.18294,105691.6,86474.9,95153.1,99949.9,96035.1,96035.2,171416865,-2458.2,9e-05,UTC+8,"[-0.0249, -0.08, 0.0, 0.4729, 0.5733, 1.2637]","[-0.0266, -0.0336, -0.0249]"
1735226739163,BTC_USDT,96043.7,-0.0248,96047.5,96093.1,935212236,9114870419.51732,105702.4,86483.7,95153.1,99949.9,96049.9,96050.0,171425257,-2449.6,9e-05,UTC+8,"[-0.0248, -0.0799, 0.0, 0.473, 0.5734, 1.2639]","[-0.0265, -0.0335, -0.0248]"
1735226741168,BTC_USDT,96049.9,-0.0248,96047.8,96093.4,935227537,9115017384.76984,105702.7,86484.0,95153.1,99949.9,96049.9,96050.0,171449550,-2443.4,9e-05,UTC+8,"[-0.0248, -0.0799, 0.0, 0.4731, 0.5735, 1.264]","[-0.0265, -0.0335, -0.0248]"
1735226743167,BTC_USDT,96049.9,-0.0248,96050.0,96093.5,935250547,9115238395.64592,105702.8,86484.1,95153.1,99949.9,96044.7,96044.8,171462128,-2443.4,9e-05,UTC+8,"[-0.0248, -0.0799, 0.0, 0.4731, 0.5735, 1.264]","[-0.0265, -0.0335, -0.0248]"
1735226746164,BTC_USDT,96046.5,-0.0248,96047.1,96092.8,935308901,9115798822.62987,105702.0,86483.5,95153.1,99949.9,96046.5,96046.6,171471110,-2446.8,9e-05,UTC+8,"[-0.0248, -0.0799, 0.0, 0.4731, 0.5735, 1.264]","[-0.0265, -0.0335, -0.0248]"
1735226748169,BTC_USDT,96045.5,-0.0248,96049.7,96095.5,935347461,9116169177.434,105705.0,86485.9,95153.1,99949.9,96045.5,96045.6,171473724,-2447.8,9e-05,UTC+8,"[-0.0248, -0.0799, 0.0, 0.473, 0.5734, 1.2639]","[-0.0265, -0.0335, -0.0248]"
1735226750165,BTC_USDT,96039.0,-0.0249,96040.8,96086.6,935369406,9116379946.01268,105695.2,86477.9,95153.1,99949.9,96039.0,96039.1,171376081,-2454.3,9e-05,UTC+8,"[-0.0249, -0.08, 0.0, 0.4729, 0.5733, 1.2638]","[-0.0266, -0.0336, -0.0249]"
1735226752166,BTC_USDT,96031.7,-0.0249,96039.9,96085.7,935481533,9117456743.36247,105694.2,86477.1,95153.1,99949.9,96024.2,96024.3,171619923,-2461.6,9e-05,UTC+8,"[-0.0249, -0.0801, 0.0, 0.4728, 0.5732, 1.2636]","[-0.0267, -0.0336, -0.0249]"
1735226755165,BTC_USDT,96046.6,-0.0248,96049.7,96095.6,935488706,9117525637.00411,105705.1,86486.0,95153.1,99949.9,96046.5,96046.6,171633387,-2446.7,9e-05,UTC+8,"[-0.0248, -0.0799, 0.0, 0.4731, 0.5735, 1.264]","[-0.0265, -0.0335, -0.0248]"
1735226757168,BTC_USDT,96046.6,-0.0248,96049.7,96095.7,935521823,9117843714.22832,105705.2,86486.1,95153.1,99949.9,96052.0,96052.1,171642276,-2446.7,9e-05,UTC+8,"[-0.0248, -0.0799, 0.0, 0.4731, 0.5735, 1.264]","[-0.0265, -0.0335, -0.0248]"
1735226759159,BTC_USDT,96059.6,-0.0247,96061.4,96107.5,935649462,9119069784.1041,105718.2,86496.7,95153.1,99949.9,96059.6,96059.7,171662382,-2433.7,9e-05,UTC+8,"[-0.0247, -0.0798, 0.0001, 0.4733, 0.5737, 1.2643]","[-0.0264, -0.0334, -0.0247]"
1735226761169,BTC_USDT,96090.7,-0.0243,96087.7,96133.7,935752764,9120062328.77026,105747.0,86520.3,95153.1,99949.9,96097.5,96097.6,171668664,-2402.6,9.1e-05,UTC+8,"[-0.0243, -0.0795, 0.0005, 0.4737, 0.5742, 1.265]","[-0.0261, -0.033, -0.0243]"
1735226764164,BTC_USDT,96103.6,-0.0242,96101.0,96146.3,935845886,9120957200.60779,105760.9,86531.6,95153.1,99949.9,96103.6,96103.7,171677350,-2389.7,9.1e-05,UTC+8,"[-0.0242, -0.0794, 0.0006, 0.4739, 0.5744, 1.2653]","[-0.0259, -0.0329, -0.0242]"
1735226766165,BTC_USDT,96111.8,-0.0241,96112.8,96158.9,935888667,9121368375.2219,105774.7,86543.0,95153.1,99949.9,96111.8,96111.9,171697392,-2381.5,9.1e-05,UTC+8,"[-0.0241, -0.0793, 0.0007, 0.4741, 0.5745, 1.2655]","[-0.0259, -0.0328, -0.0241]"
1735226768169,BTC_USDT,96112.0,-0.0241,96112.3,96158.6,936127250,9123661279.02461,105774.4,86542.7,95153.1,99949.9,96111.9,96112.0,172406746,-2381.3,9.1e-05,UTC+8,"[-0.0241, -0.0793, 0.0007, 0.4741, 0.5745, 1.2655]","[-0.0259, -0.0328, -0.0241]"
1735226771164,BTC_USDT,96105.3,-0.0242,96113.9,96160.0,936161258,9123988146.99945,105776.0,86544.0,95153.1,99949.9,96082.5,96082.6,172419634,-2388.0,9.1e-05,UTC+8,"[-0.0242, -0.0794, 0.0006, 0.474, 0.5744, 1.2654]","[-0.0259, -0.0329, -0.0242]"
1735226773201,BTC_USDT,96074.8,-0.0245,96076.5,96121.0,936194025,9124302978.1805,105733.1,86508.9,95153.1,99949.9,96073.2,96073.3,171296395,-2418.5,9.1e-05,UTC+8,"[-0.0245, -0.0797, 0.0003, 0.4735, 0.5739, 1.2646]","[-0.0262, -0.0332, -0.0245]"
1735226775170,BTC_USDT,96085.1,-0.0244,96074.1,96120.4,936209013,9124446971.46186,105732.4,86508.3,95153.1,99949.9,96077.1,96077.2,171302194,-2408.2,9.1e-05,UTC+8,"[-0.0244, -0.0796, 0.0004, 0.4736, 0.5741, 1.2649]","[-0.0261, -0.0331, -0.0244]"
1735226777167,BTC_USDT,96079.1,-0.0245,96079.8,96126.0,936234033,9124687345.53229,105738.6,86513.4,95153.1,99949.9,96079.1,96079.2,171340012,-2414.2,9.1e-05,UTC+8,"[-0.0245, -0.0796, 0.0004, 0.4736, 0.574, 1.2647]","[-0.0262, -0.0332, -0.0245]"
1735226780167,BTC_USDT,96064.6,-0.0246,96068.5,96114.8,936246873,9124810702.15983,105726.2,86503.3,95153.1,99949.9,96064.5,96064.6,171366519,-2428.7,9.1e-05,UTC+8,"[-0.0246, -0.0797, 0.0002, 0.4733, 0.5738, 1.2644]","[-0.0263, -0.0333, -0.0246]"
1735226782169,BTC_USDT,96061.1,-0.0246,96068.0,96114.3,936255008,9124888848.45199,105725.7,86502.8,95153.1,99949.9,96055.0,96055.1,171383317,-2432.2,9.1e-05,UTC+8,"[-0.0246, -0.0798, 0.0002, 0.4733, 0.5737, 1.2643]","[-0.0264, -0.0333, -0.0246]"
1735226784169,BTC_USDT,96035.6,-0.0249,96054.1,96098.3,936285734,9125183978.22969,105708.1,86488.4,95153.1,99949.9,96035.6,96035.7,171435632,-2457.7,9.1e-05,UTC+8,"[-0.0249, -0.08, 0.0, 0.4729, 0.5733, 1.2637]","[-0.0266, -0.0336, -0.0249]"
1735226786168,BTC_USDT,96046.3,-0.0248,96046.9,96093.3,936314014,9125455587.97577,105702.6,86483.9,95153.1,99949.9,96046.2,96046.3,171465656,-2447.0,9.1e-05,UTC+8,"[-0.0248, -0.0799, 0.0, 0.4731, 0.5735, 1.264]","[-0.0265, -0.0335, -0.0248]"
1735226789161,BTC_USDT,96064.4,-0.0246,96064.4,96106.2,936341933,9125723759.83388,105716.8,86495.5,95153.1,99949.9,96064.4,96064.5,171472874,-2428.9,9.1e-05,UTC+8,"[-0.0246, -0.0797, 0.0002, 0.4733, 0.5737, 1.2644]","[-0.0263, -0.0333, -0.0246]"
1735226791164,BTC_USDT,96040.4,-0.0249,96064.6,96095.3,936361096,9125907809.15479,105704.8,86485.7,95153.1,99949.9,96040.4,96040.5,171508978,-2452.9,9.1e-05,UTC+8,"[-0.0249, -0.08, 0.0, 0.473, 0.5734, 1.2638]","[-0.0266, -0.0336, -0.0249]"
1735226793166,BTC_USDT,96061.1,-0.0246,96061.0,96097.2,936442018,9126685003.1255,105706.9,86487.4,95153.1,99949.9,96061.0,96061.1,171696290,-2432.2,9.1e-05,UTC+8,"[-0.0246, -0.0798, 0.0002, 0.4733, 0.5737, 1.2643]","[-0.0264, -0.0333, -0.0246]"
1735226796167,BTC_USDT,96045.0,-0.0248,96055.3,96101.6,936531907,9127548429.62562,105711.7,86491.4,95153.1,99949.9,96044.9,96045.0,171860104,-2448.3,9.1e-05,UTC+8,"[-0.0248, -0.0799, 0.0, 0.473, 0.5734, 1.2639]","[-0.0265, -0.0335, -0.0248]"
1735226798162,BTC_USDT,96038.9,-0.0249,96054.2,96100.7,936542420,9127649396.17577,105710.7,86490.6,95153.1,99949.9,96038.9,96039.0,171250491,-2454.4,9.1e-05,UTC+8,"[-0.0249, -0.08, 0.0, 0.4729, 0.5733, 1.2638]","[-0.0266, -0.0336, -0.0249]"
1735226800164,BTC_USDT,96038.9,-0.0249,96040.0,96086.6,936549625,9127718591.64745,105695.2,86477.9,95153.1,99949.9,96038.9,96039.0,171259657,-2454.4,9.1e-05,UTC+8,"[-0.0249, -0.08, 0.0, 0.4729, 0.5733, 1.2638]","[-0.0266, -0.0336, -0.0249]"
1735226802166,BTC_USDT,96008.1,-0.0252,96039.0,96059.8,936552046,9127741835.90342,105665.7,86453.8,95153.1,99949.9,96008.0,96008.1,171265536,-2485.2,9.1e-05,UTC+8,"[-0.0252, -0.0803, -0.0003, 0.4725, 0.5728, 1.2631]","[-0.0269, -0.0339, -0.0252]"
1735226805155,BTC_USDT,96001.2,-0.0253,96006.4,96052.9,936573413,9127946967.20132,105658.1,86447.6,95153.1,99949.9,96001.2,96001.3,171306270,-2492.1,9.1e-05,UTC+8,"[-0.0253, -0.0804, -0.0004, 0.4724, 0.5727, 1.2629]","[-0.027, -0.0339, -0.0253]"
1735226807166,BTC_USDT,96000.5,-0.0253,96006.2,96052.7,936604743,9128247741.15093,105657.9,86447.4,95153.1,99949.9,96000.5,96000.6,171363441,-2492.8,9.1e-05,UTC+8,"[-0.0253, -0.0804, -0.0004, 0.4724, 0.5727, 1.2629]","[-0.027, -0.034, -0.0253]"
1735226809160,BTC_USDT,95993.9,-0.0253,96004.5,96050.8,936743324,9129578124.83838,105655.8,86445.7,95153.1,99949.9,95992.3,95992.4,171374914,-2499.4,9.1e-05,UTC+8,"[-0.0253, -0.0804, -0.0004, 0.4722, 0.5726, 1.2627]","[-0.027, -0.034, -0.0253]"
1735226811164,BTC_USDT,96002.4,-0.0252,96000.7,96047.2,936836766,9130475191.31648,105651.9,86442.4,95153.1,99949.9,96002.3,96002.4,171415663,-2490.9,9.1e-05,UTC+8,"[-0.0252, -0.0803, -0.0003, 0.4724, 0.5727, 1.2629]","[-0.027, -0.0339, -0.0252]"
1735226814184,BTC_USDT,96027.5,-0.025,96017.2,96063.7,936910785,9131185833.59539,105670.0,86457.3,95153.1,99949.9,96027.5,96027.6,171487573,-2465.8,9.1e-05,UTC+8,"[-0.025, -0.0801, -0.0001, 0.4728, 0.5731, 1.2635]","[-0.0267, -0.0337, -0.025]"
1735226816166,BTC_USDT,96021.5,-0.025,96024.4,96070.9,936933205,9131401114.73311,105677.9,86463.8,95153.1,99949.9,96021.4,96021.5,171488930,-2471.8,9.1e-05,UTC+8,"[-0.025, -0.0802, -0.0001, 0.4727, 0.573, 1.2634]","[-0.0268, -0.0337, -0.025]"
1735226818167,BTC_USDT,96021.1,-0.0251,96024.5,96071.0,936953924,9131600060.83736,105678.1,86463.9,95153.1,99949.9,96021.0,96021.1,170924871,-2472.2,9.1e-05,UTC+8,"[-0.0251, -0.0802, -0.0002, 0.4727, 0.573, 1.2634]","[-0.0268, -0.0337, -0.0251]"
1735226821172,BTC_USDT,96008.9,-0.0252,96021.1,96054.5,936976201,9131813964.52459,105659.9,86449.0,95153.1,99949.9,96000.0,96000.1,170945956,-2484.4,9.1e-05,UTC+8,"[-0.0252, -0.0803, -0.0003, 0.4725, 0.5728, 1.2631]","[-0.0269, -0.0339, -0.0252]"
1735226823166,BTC_USDT,95989.0,-0.0254,96021.1,96045.9,937043650,9132461439.37367,105650.4,86441.3,95153.1,99949.9,95983.7,95983.8,171017978,-2504.3,9.1e-05,UTC+8,"[-0.0254, -0.0805, -0.0005, 0.4722, 0.5725, 1.2626]","[-0.0271, -0.0341, -0.0254]"
1735226825162,BTC_USDT,95981.8,-0.0254,95988.9,96035.4,937057228,9132591763.54225,105638.9,86431.8,95153.1,99949.9,95981.8,95981.9,171040165,-2511.5,9.1e-05,UTC+8,"[-0.0254, -0.0805, -0.0006, 0.4721, 0.5724, 1.2624]","[-0.0272, -0.0341, -0.0254]"
1735226827163,BTC_USDT,96000.0,-0.0253,95995.2,96041.7,937073538,9132748320.23536,105645.8,86437.5,95153.1,99949.9,96010.3,96010.4,171099468,-2493.3,9.1e-05,UTC+8,"[-0.0253, -0.0804, -0.0004, 0.4723, 0.5727, 1.2629]","[-0.027, -0.034, -0.0253]"
1735226830164,BTC_USDT,96017.8,-0.0251,96017.9,96056.8,937145400,9133438305.11933,105662.4,86451.1,95153.1,99949.9,96017.8,96017.9,171161758,-2475.5,9.1e-05,UTC+8,"[-0.0251, -0.0802, -0.0002, 0.4726, 0.573, 1.2633]","[-0.0268, -0.0338, -0.0251]"
1735226832165,BTC_USDT,96021.1,-0.0251,96017.8,96059.7,937165423,9133630562.25569,105665.6,86453.7,95153.1,99949.9,96029.6,96029.7,171210229,-2472.2,9.1e-05,UTC+8,"[-0.0251, -0.0802, -0.0002, 0.4727, 0.573, 1.2634]","[-0.0268, -0.0337, -0.0251]"
1735226834209,BTC_USDT,96046.6,-0.0248,96045.2,96074.8,937182234,9133792013.21988,105682.2,86467.3,95153.1,99949.9,96046.6,96046.7,171214070,-2446.7,9.1e-05,UTC+8,"[-0.0248, -0.0799, 0.0, 0.4731, 0.5735, 1.264]","[-0.0265, -0.0335, -0.0248]"
1735226836163,BTC_USDT,96064.0,-0.0246,96058.6,96099.8,937191079,9133876975.93199,105709.7,86489.8,95153.1,99949.9,96064.0,96064.1,171218836,-2429.3,9.1e-05,UTC+8,"[-0.0246, -0.0798, 0.0002, 0.4733, 0.5737, 1.2644]","[-0.0263, -0.0333, -0.0246]"
1735226839167,BTC_USDT,96089.3,-0.0244,96075.0,96118.2,937208669,9134045966.48797,105730.0,86506.3,95153.1,99949.9,96089.3,96089.4,170848764,-2404.0,9.1e-05,UTC+8,"[-0.0244, -0.0795, 0.0005, 0.4737, 0.5742, 1.265]","[-0.0261, -0.0331, -0.0244]"
1735226841163,BTC_USDT,96105.3,-0.0242,96116.0,96138.0,937232042,9134270580.87675,105751.8,86524.2,95153.1,99949.9,96107.4,96107.5,170855715,-2388.0,9.1e-05,UTC+8,"[-0.0242, -0.0794, 0.0006, 0.474, 0.5744, 1.2654]","[-0.0259, -0.0329, -0.0242]"
1735226843164,BTC_USDT,96102.5,-0.0242,96095.1,96138.9,937271183,9134646719.32007,105752.7,86525.0,95153.1,99949.9,96102.4,96102.5,170873769,-2390.8,9.1e-05,UTC+8,"[-0.0242, -0.0794, 0.0006, 0.4739, 0.5744, 1.2653]","[-0.0259, -0.0329, -0.0242]"
1735226846166,BTC_USDT,96104.2,-0.0242,96106.0,96139.2,937409417,9135975230.65298,105753.1,86525.2,95153.1,99949.9,96104.1,96104.2,171225036,-2389.1,9.1e-05,UTC+8,"[-0.0242, -0.0794, 0.0006, 0.4739, 0.5744, 1.2653]","[-0.0259, -0.0329, -0.0242]"
1735226848163,BTC_USDT,96111.6,-0.0241,96111.6,96145.2,937434145,9136212878.23767,105759.7,86530.6,95153.1,99949.9,96111.6,96111.7,171241261,-2381.7,9.1e-05,UTC+8,"[-0.0241, -0.0793, 0.0007, 0.4741, 0.5745, 1.2655]","[-0.0259, -0.0328, -0.0241]"
1735226850164,BTC_USDT,96094.8,-0.0243,96109.2,96148.8,937446357,9136330245.50698,105763.6,86533.9,95153.1,99949.9,96094.7,96094.8,171253926,-2398.5,9.1e-05,UTC+8,"[-0.0243, -0.0795, 0.0005, 0.4738, 0.5742, 1.2651]","[-0.026, -0.033, -0.0243]"
1735226852160,BTC_USDT,96106.6,-0.0242,96103.1,96149.0,937450282,9136367968.00635,105763.9,86534.1,95153.1,99949.9,96106.6,96106.7,171257014,-2386.7,9.1e-05,UTC+8,"[-0.0242, -0.0793, 0.0006, 0.474, 0.5744, 1.2654]","[-0.0259, -0.0329, -0.0242]"
1735226855158,BTC_USDT,96099.9,-0.0243,96102.9,96148.9,937466465,9136523490.13289,105763.7,86534.0,95153.1,99949.9,96107.7,96107.8,171264492,-2393.4,9.1e-05,UTC+8,"[-0.0243, -0.0794, 0.0006, 0.4739, 0.5743, 1.2652]","[-0.026, -0.033, -0.0243]"
1735226857151,BTC_USDT,96112.9,-0.0241,96100.6,96144.5,937495153,9136799200.16825,105758.9,86530.0,95153.1,99949.9,96112.9,96113.0,171056487,-2380.4,9.1e-05,UTC+8,"[-0.0241, -0.0793, 0.0007, 0.4741, 0.5745, 1.2655]","[-0.0258, -0.0328, -0.0241]"
1735226859162,BTC_USDT,96108.5,-0.0242,96113.1,96149.5,937505550,9136899127.31355,105764.4,86534.5,95153.1,99949.9,96102.4,96103.3,171078991,-2384.8,9.1e-05,UTC+8,"[-0.0242, -0.0793, 0.0007, 0.474, 0.5745, 1.2654]","[-0.0259, -0.0329, -0.0242]"
1735226862153,BTC_USDT,96114.8,-0.0241,96119.9,96155.3,937531174,9137145399.53481,105770.8,86539.7,95153.1,99949.9,96124.6,96124.7,171128462,-2378.5,9.1e-05,UTC+8,"[-0.0241, -0.0793, 0.0007, 0.4741, 0.5746, 1.2656]","[-0.0258, -0.0328, -0.0241]"
1735226864204,BTC_USDT,96125.5,-0.024,96124.6,96164.3,937545785,9137285848.19729,105780.7,86547.8,95153.1,99949.9,96125.5,96125.6,171129607,-2367.8,9.1e-05,UTC+8,"[-0.024, -0.0792, 0.0008, 0.4743, 0.5747, 1.2658]","[-0.0257, -0.0327, -0.024]"
1735226866162,BTC_USDT,96122.2,-0.024,96122.2,96159.3,937563220,9137453434.78869,105775.2,86543.3,95153.1,99949.9,96122.1,96122.2,171186368,-2371.1,9.1e-05,UTC+8,"[-0.024, -0.0792, 0.0008, 0.4742, 0.5747, 1.2657]","[-0.0257, -0.0327, -0.024]"
1735226868159,BTC_USDT,96119.3,-0.0241,96112.0,96144.8,937586028,9137672655.19434,105759.2,86530.3,95153.1,99949.9,96119.2,96119.3,171331570,-2374.0,9.1e-05,UTC+8,"[-0.0241, -0.0792, 0.0008, 0.4742, 0.5746, 1.2657]","[-0.0258, -0.0328, -0.0241]"
1735226871164,BTC_USDT,96122.0,-0.024,96122.0,96162.6,937649647,9138284156.37239,105778.8,86546.3,95153.1,99949.9,96125.5,96125.6,171144723,-2371.3,9.1e-05,UTC+8,"[-0.024, -0.0792, 0.0008, 0.4742, 0.5747, 1.2657]","[-0.0258, -0.0327, -0.024]"
1735226873162,BTC_USDT,96125.0,-0.024,96125.0,96162.9,937668563,9138465987.08947,105779.1,86546.6,95153.1,99949.9,96125.0,96125.1,171148482,-2368.3,9.1e-05,UTC+8,"[-0.024, -0.0792, 0.0008, 0.4743, 0.5747, 1.2658]","[-0.0257, -0.0327, -0.024]"
1735226875159,BTC_USDT,96126.0,-0.024,96125.8,96163.4,937693515,9138705838.02317,105779.7,86547.0,95153.1,99949.9,96125.9,96126.0,171151495,-2367.3,9.1e-05,UTC+8,"[-0.024, -0.0792, 0.0008, 0.4743, 0.5748, 1.2658]","[-0.0257, -0.0327, -0.024]"
1735226877168,BTC_USDT,96119.9,-0.024,96119.3,96162.9,937694866,9138718823.80816,105779.1,86546.6,95153.1,99949.9,96119.9,96120.0,171151642,-2373.4,9.1e-05,UTC+8,"[-0.024, -0.0792, 0.0008, 0.4742, 0.5747, 1.2657]","[-0.0258, -0.0328, -0.024]"
1735226880174,BTC_USDT,96100.1,-0.0242,96119.9,96149.3,937711897,9138882525.44365,105764.2,86534.3,95153.1,99949.9,96100.0,96100.1,171155718,-2393.2,9.1e-05,UTC+8,"[-0.0242, -0.0794, 0.0006, 0.4739, 0.5743, 1.2652]","[-0.026, -0.033, -0.0242]"
1735226882166,BTC_USDT,96089.5,-0.0244,96100.0,96142.1,937735124,9139105714.06564,105756.3,86527.8,95153.1,99949.9,96082.7,96082.8,171156729,-2403.8,9.1e-05,UTC+8,"[-0.0244, -0.0795, 0.0005, 0.4737, 0.5742, 1.265]","[-0.0261, -0.0331, -0.0244]"
1735226884165,BTC_USDT,96100.0,-0.0242,96096.7,96138.0,937753297,9139280344.38287,105751.8,86524.2,95153.1,99949.9,96106.8,96106.9,171160315,-2393.3,9.1e-05,UTC+8,"[-0.0242, -0.0794, 0.0006, 0.4739, 0.5743, 1.2652]","[-0.026, -0.033, -0.0242]"
1735226887170,BTC_USDT,96119.7,-0.024,96116.0,96157.9,937761624,9139360378.28354,105773.6,86542.1,95153.1,99949.9,96119.6,96119.7,171168393,-2373.6,9.1e-05,UTC+8,"[-0.024, -0.0792, 0.0008, 0.4742, 0.5747, 1.2657]","[-0.0258, -0.0328, -0.024]"
1735226889164,BTC_USDT,96128.9,-0.024,96128.6,96163.2,937795203,9139683146.6218,105779.5,86546.8,95153.1,99949.9,96128.8,96128.9,171222681,-2364.4,9.1e-05,UTC+8,"[-0.024, -0.0791, 0.0009, 0.4743, 0.5748, 1.2659]","[-0.0257, -0.0327, -0.024]"
1735226891164,BTC_USDT,96123.0,-0.024,96130.1,96165.7,937813537,9139859386.59169,105782.2,86549.1,95153.1,99949.9,96122.9,96123.0,171225064,-2370.3,9.1e-05,UTC+8,"[-0.024, -0.0792, 0.0008, 0.4742, 0.5747, 1.2658]","[-0.0257, -0.0327, -0.024]"
1735226893162,BTC_USDT,96090.3,-0.0243,96116.0,96135.1,937832888,9140045342.34593,105748.6,86521.5,95153.1,99949.9,96090.3,96090.4,171243529,-2403.0,9.1e-05,UTC+8,"[-0.0243, -0.0795, 0.0005, 0.4737, 0.5742, 1.265]","[-0.0261, -0.033, -0.0243]"
1735226896156,BTC_USDT,96087.6,-0.0244,96089.2,96122.4,937857978,9140286431.03993,105734.6,86510.1,95153.1,99949.9,96087.6,96087.7,170977100,-2405.7,9.1e-05,UTC+8,"[-0.0244, -0.0795, 0.0004, 0.4737, 0.5741, 1.2649]","[-0.0261, -0.0331, -0.0244]"
1735226898163,BTC_USDT,96103.3,-0.0242,96100.5,96146.1,937878337,9140482077.73646,105760.7,86531.4,95153.1,99949.9,96113.7,96113.8,171014234,-2390.0,9.1e-05,UTC+8,"[-0.0242, -0.0794, 0.0006, 0.4739, 0.5744, 1.2653]","[-0.0259, -0.0329, -0.0242]"
1735226900156,BTC_USDT,96110.0,-0.0241,96108.1,96149.9,937893543,9140628223.71891,105764.8,86534.9,95153.1,99949.9,96121.9,96122.0,171014238,-2383.3,9.1e-05,UTC+8,"[-0.0241, -0.0793, 0.0007, 0.474, 0.5745, 1.2655]","[-0.0259, -0.0329, -0.0241]"
1735226902165,BTC_USDT,96131.5,-0.0239,96131.6,96166.5,937896230,9140654052.97527,105783.1,86549.8,95153.1,99949.9,96124.1,96124.2,171019904,-2361.8,9.1e-05,UTC+8,"[-0.0239, -0.0791, 0.0009, 0.4744, 0.5748, 1.266]","[-0.0257, -0.0326, -0.0239]"
1735226905164,BTC_USDT,96104.5,-0.0242,96115.2,96150.5,937908582,9140772777.94137,105765.5,86535.4,95153.1,99949.9,96100.0,96100.1,171023896,-2388.8,9.1e-05,UTC+8,"[-0.0242, -0.0794, 0.0006, 0.4739, 0.5744, 1.2653]","[-0.0259, -0.0329, -0.0242]"
1735226907164,BTC_USDT,96096.0,-0.0243,96096.1,96141.5,937912493,9140810362.13394,105755.6,86527.3,95153.1,99949.9,96096.0,96096.1,171033933,-2397.3,9.1e-05,UTC+8,"[-0.0243, -0.0794, 0.0005, 0.4738, 0.5743, 1.2651]","[-0.026, -0.033, -0.0243]"
1735226909165,BTC_USDT,96114.0,-0.0241,96102.6,96148.0,937915996,9140844027.23409,105762.8,86533.2,95153.1,99949.9,96113.9,96114.0,171036104,-2379.3,9.1e-05,UTC+8,"[-0.0241, -0.0793, 0.0007, 0.4741, 0.5746, 1.2656]","[-0.0258, -0.0328, -0.0241]"
1735226912161,BTC_USDT,96112.3,-0.0241,96118.6,96154.1,937944380,9141116836.52882,105769.5,86538.6,95153.1,99949.9,96112.3,96112.4,171061873,-2381.0,9.1e-05,UTC+8,"[-0.0241, -0.0793, 0.0007, 0.4741, 0.5745, 1.2655]","[-0.0258, -0.0328, -0.0241]"
1735226914163,BTC_USDT,96126.0,-0.024,96127.7,96173.4,937953360,9141203159.5937,105790.7,86556.0,95153.1,99949.9,96125.9,96126.0,171082468,-2367.3,9.1e-05,UTC+8,"[-0.024, -0.0792, 0.0008, 0.4743, 0.5748, 1.2658]","[-0.0257, -0.0327, -0.024]"
1735226916164,BTC_USDT,96132.2,-0.0239,96132.9,96173.5,937959023,9141257599.55229,105790.8,86556.1,95153.1,99949.9,96132.2,96132.3,171082483,-2361.1,9.1e-05,UTC+8,"[-0.0239, -0.0791, 0.0009, 0.4744, 0.5749, 1.266]","[-0.0256, -0.0326, -0.0239]"
1735226918167,BTC_USDT,96128.1,-0.024,96132.2,96173.7,937964112,9141306521.25763,105791.0,86556.3,95153.1,99949.9,96128.0,96128.1,170926830,-2365.2,9.1e-05,UTC+8,"[-0.024, -0.0791, 0.0009, 0.4743, 0.5748, 1.2659]","[-0.0257, -0.0327, -0.024]"
1735226921167,BTC_USDT,96146.2,-0.0238,96146.3,96185.9,938272076,9144267082.74106,105804.4,86567.3,95153.1,99949.9,96146.2,96146.3,171676674,-2347.1,9.1e-05,UTC+8,"[-0.0238, -0.079, 0.0011, 0.4746, 0.5751, 1.2663]","[-0.0255, -0.0325, -0.0238]"
1735226923170,BTC_USDT,96144.6,-0.0238,96141.3,96186.5,938274891,9144294147.81887,105805.1,86567.8,95153.1,99949.9,96144.6,96144.7,171677754,-2348.7,9.1e-05,UTC+8,"[-0.0238, -0.079, 0.001, 0.4746, 0.5751, 1.2663]","[-0.0255, -0.0325, -0.0238]"
1735226925200,BTC_USDT,96149.9,-0.0237,96149.8,96188.9,938280476,9144347846.73301,105807.7,86570.0,95153.1,99949.9,96149.8,96149.9,171679176,-2343.4,9.1e-05,UTC+8,"[-0.0237, -0.0789, 0.0011, 0.4746, 0.5751, 1.2664]","[-0.0255, -0.0324, -0.0237]"
1735226928162,BTC_USDT,96129.6,-0.0239,96137.3,96174.2,938375082,9145257472.25485,105791.6,86556.7,95153.1,99949.9,96129.6,96129.7,171691268,-2363.7,9.1e-05,UTC+8,"[-0.0239, -0.0791, 0.0009, 0.4743, 0.5748, 1.2659]","[-0.0257, -0.0327, -0.0239]"
1735226930165,BTC_USDT,96127.3,-0.024,96129.7,96173.8,938375964,9145265950.88554,105791.1,86556.4,95153.1,99949.9,96125.6,96125.7,171692982,-2366.0,9.1e-05,UTC+8,"[-0.024, -0.0791, 0.0009, 0.4743, 0.5748, 1.2659]","[-0.0257, -0.0327, -0.024]"
1735226932167,BTC_USDT,96105.7,-0.0242,96113.6,96158.7,938386488,9145367099.57175,105774.5,86542.8,95153.1,99949.9,96105.6,96105.7,171718884,-2387.6,9.1e-05,UTC+8,"[-0.0242, -0.0794, 0.0006, 0.474, 0.5744, 1.2654]","[-0.0259, -0.0329, -0.0242]"
1735226934165,BTC_USDT,96124.1,-0.024,96120.8,96159.3,938392124,9145421272.95765,105775.2,86543.3,95153.1,99949.9,96124.0,96124.1,171730411,-2369.2,9.1e-05,UTC+8,"[-0.024, -0.0792, 0.0008, 0.4742, 0.5747, 1.2658]","[-0.0257, -0.0327, -0.024]"
1735226937164,BTC_USDT,96140.0,-0.0238,96131.1,96170.3,938536330,9146807529.03836,105787.3,86553.2,95153.1,99949.9,96142.0,96142.1,170541766,-2353.3,9.1e-05,UTC+8,"[-0.0238, -0.079, 0.001, 0.4745, 0.575, 1.2662]","[-0.0256, -0.0325, -0.0238]"
1735226939166,BTC_USDT,96134.0,-0.0239,96134.1,96170.2,938548632,9146925798.14875,105787.2,86553.1,95153.1,99949.9,96127.9,96129.6,170573882,-2359.3,9.1e-05,UTC+8,"[-0.0239, -0.0791, 0.0009, 0.4744, 0.5749, 1.266]","[-0.0256, -0.0326, -0.0239]"
1735226941164,BTC_USDT,96110.4,-0.0241,96113.5,96158.3,938559778,9147032924.42383,105774.1,86542.4,95153.1,99949.9,96110.4,96110.5,170573918,-2382.9,9.1e-05,UTC+8,"[-0.0241, -0.0793, 0.0007, 0.474, 0.5745, 1.2655]","[-0.0259, -0.0328, -0.0241]"
1735226943176,BTC_USDT,96109.1,-0.0242,96108.0,96152.8,938598910,9147409022.33663,105768.0,86537.5,95153.1,99949.9,96109.1,96109.2,170585431,-2384.2,9.1e-05,UTC+8,"[-0.0242, -0.0793, 0.0007, 0.474, 0.5745, 1.2654]","[-0.0259, -0.0329, -0.0242]"
1735226946163,BTC_USDT,96068.8,-0.0246,96077.0,96121.1,938609546,9147511222.12809,105733.2,86508.9,95153.1,99949.9,96085.4,96085.5,170622576,-2424.5,9.1e-05,UTC+8,"[-0.0246, -0.0797, 0.0002, 0.4734, 0.5738, 1.2645]","[-0.0263, -0.0333, -0.0246]"
1735226948162,BTC_USDT,96093.7,-0.0243,96085.4,96128.7,938658744,9147983892.29568,105741.5,86515.8,95153.1,99949.9,96093.7,96093.8,170626348,-2399.6,9.1e-05,UTC+8,"[-0.0243, -0.0795, 0.0005, 0.4738, 0.5742, 1.2651]","[-0.026, -0.033, -0.0243]"
1735226950161,BTC_USDT,96109.3,-0.0242,96109.2,96143.6,938692619,9148309458.91011,105757.9,86529.2,95153.1,99949.9,96109.2,96109.3,170635705,-2384.0,9.1e-05,UTC+8,"[-0.0242, -0.0793, 0.0007, 0.474, 0.5745, 1.2654]","[-0.0259, -0.0329, -0.0242]"
1735226953162,BTC_USDT,96149.9,-0.0237,96150.0,96187.1,938743814,9148801643.88133,105805.8,86568.3,95153.1,99949.9,96149.9,96150.0,170700872,-2343.4,9.1e-05,UTC+8,"[-0.0237, -0.0789, 0.0011, 0.4746, 0.5751, 1.2664]","[-0.0255, -0.0324, -0.0237]"
1735226955163,BTC_USDT,96148.6,-0.0238,96142.2,96187.1,938793533,9149279679.83549,105805.8,86568.3,95153.1,99949.9,96148.6,96148.7,170211006,-2344.7,9.1e-05,UTC+8,"[-0.0238, -0.0789, 0.0011, 0.4746, 0.5751, 1.2664]","[-0.0255, -0.0325, -0.0238]"
1735226957168,BTC_USDT,96148.6,-0.0238,96148.7,96187.1,938803720,9149377626.41496,105805.8,86568.3,95153.1,99949.9,96148.6,96148.7,170247427,-2344.7,9.1e-05,UTC+8,"[-0.0238, -0.0789, 0.0011, 0.4746, 0.5751, 1.2664]","[-0.0255, -0.0325, -0.0238]"
1735226959162,BTC_USDT,96148.6,-0.0238,96148.6,96188.6,938811296,9149450467.89916,105807.4,86569.7,95153.1,99949.9,96148.6,96148.7,170254144,-2344.7,9.1e-05,UTC+8,"[-0.0238, -0.0789, 0.0011, 0.4746, 0.5751, 1.2664]","[-0.0255, -0.0325, -0.0238]"
1735226962163,BTC_USDT,96115.6,-0.0241,96123.4,96157.4,938834847,9149676884.35215,105773.1,86541.6,95153.1,99949.9,96115.5,96115.6,170259724,-2377.7,9.1e-05,UTC+8,"[-0.0241, -0.0793, 0.0007, 0.4741, 0.5746, 1.2656]","[-0.0258, -0.0328, -0.0241]"
1735226964162,BTC_USDT,96108.8,-0.0242,96111.4,96147.0,938911749,9150416019.6982,105761.7,86532.3,95153.1,99949.9,96106.7,96106.8,170446050,-2384.5,9.1e-05,UTC+8,"[-0.0242, -0.0793, 0.0007, 0.474, 0.5745, 1.2654]","[-0.0259, -0.0329, -0.0242]"
1735226966165,BTC_USDT,96087.1,-0.0244,96094.7,96139.6,939047436,9151719799.22202,105753.5,86525.6,95153.1,99949.9,96087.0,96087.1,170456130,-2406.2,9.1e-05,UTC+8,"[-0.0244, -0.0795, 0.0004, 0.4737, 0.5741, 1.2649]","[-0.0261, -0.0331, -0.0244]"
1735226968162,BTC_USDT,96087.0,-0.0244,96088.3,96133.2,939100528,9152229944.70457,105746.5,86519.8,95153.1,99949.9,96087.0,96087.1,170465238,-2406.3,9.1e-05,UTC+8,"[-0.0244, -0.0795, 0.0004, 0.4737, 0.5741, 1.2649]","[-0.0261, -0.0331, -0.0244]"
1735226971165,BTC_USDT,96084.1,-0.0244,96088.3,96133.2,939118380,9152401477.4508,105746.5,86519.8,95153.1,99949.9,96084.1,96084.2,170479382,-2409.2,9.1e-05,UTC+8,"[-0.0244, -0.0796, 0.0004, 0.4736, 0.5741, 1.2649]","[-0.0261, -0.0331, -0.0244]"
1735226973157,BTC_USDT,96084.1,-0.0244,96088.5,96133.3,939133661,9152548303.61067,105746.6,86519.9,95153.1,99949.9,96084.1,96084.2,170517182,-2409.2,9.1e-05,UTC+8,"[-0.0244, -0.0796, 0.0004, 0.4736, 0.5741, 1.2649]","[-0.0261, -0.0331, -0.0244]"
1735226975154,BTC_USDT,96084.2,-0.0244,96088.5,96133.3,939142797,9152636086.07994,105746.6,86519.9,95153.1,99949.9,96084.1,96084.2,170517333,-2409.1,9.1e-05,UTC+8,"[-0.0244, -0.0796, 0.0004, 0.4736, 0.5741, 1.2649]","[-0.0261, -0.0331, -0.0244]"
1735226978161,BTC_USDT,96071.7,-0.0245,96075.6,96120.4,939205304,9153236611.32487,105732.4,86508.3,95153.1,99949.9,96071.6,96071.7,170066264,-2421.6,9.1e-05,UTC+8,"[-0.0245, -0.0797, 0.0003, 0.4734, 0.5739, 1.2646]","[-0.0263, -0.0332, -0.0245]"
1735226980166,BTC_USDT,96070.7,-0.0245,96075.5,96120.4,939214816,9153327994.5076,105732.4,86508.3,95153.1,99949.9,96068.8,96068.9,170072175,-2422.6,9.1e-05,UTC+8,"[-0.0245, -0.0797, 0.0003, 0.4734, 0.5739, 1.2645]","[-0.0263, -0.0332, -0.0245]"
1735226982159,BTC_USDT,96095.9,-0.0243,96089.4,96134.3,939240392,9153573765.81663,105747.7,86520.8,95153.1,99949.9,96095.9,96096.0,170083674,-2397.4,9.1e-05,UTC+8,"[-0.0243, -0.0794, 0.0005, 0.4738, 0.5743, 1.2651]","[-0.026, -0.033, -0.0243]"
1735226984158,BTC_USDT,96095.9,-0.0243,96096.0,96139.2,939247599,9153643022.04636,105753.1,86525.2,95153.1,99949.9,96095.9,96096.0,170104312,-2397.4,9.1e-05,UTC+8,"[-0.0243, -0.0794, 0.0005, 0.4738, 0.5743, 1.2651]","[-0.026, -0.033, -0.0243]"
1735226987158,BTC_USDT,96113.9,-0.0241,96103.5,96155.9,939254467,9153709023.19511,105771.4,86540.3,95153.1,99949.9,96113.9,96114.0,170111610,-2379.4,9.1e-05,UTC+8,"[-0.0241, -0.0793, 0.0007, 0.4741, 0.5746, 1.2656]","[-0.0258, -0.0328, -0.0241]"
1735226989162,BTC_USDT,96126.3,-0.024,96126.3,96154.1,939258098,9153743925.68175,105769.5,86538.6,95153.1,99949.9,96101.6,96101.7,170121283,-2367.0,9.1e-05,UTC+8,"[-0.024, -0.0792, 0.0008, 0.4743, 0.5748, 1.2658]","[-0.0257, -0.0327, -0.024]"
1735226991164,BTC_USDT,96121.1,-0.024,96104.3,96149.2,939262457,9153785816.64725,105764.1,86534.2,95153.1,99949.9,96121.1,96121.2,170123418,-2372.2,9.1e-05,UTC+8,"[-0.024, -0.0792, 0.0008, 0.4742, 0.5747, 1.2657]","[-0.0258, -0.0327, -0.024]"
1735226993166,BTC_USDT,96164.2,-0.0236,96166.0,96201.6,939379406,9154910342.69046,105821.7,86581.4,95153.1,99949.9,96129.7,96131.2,170226396,-2329.1,9.1e-05,UTC+8,"[-0.0236, -0.0788, 0.0012, 0.4749, 0.5754, 1.2667]","[-0.0253, -0.0323, -0.0236]"
1735226996163,BTC_USDT,96061.0,-0.0246,96090.8,96135.9,939480110,9155877950.35914,105749.4,86522.3,95153.1,99949.9,96061.0,96061.1,169782840,-2432.3,9.1e-05,UTC+8,"[-0.0246, -0.0798, 0.0002, 0.4733, 0.5737, 1.2643]","[-0.0264, -0.0333, -0.0246]"
1735226998163,BTC_USDT,96089.8,-0.0244,96064.5,96127.9,939498581,9156055385.65321,105740.6,86515.1,95153.1,99949.9,96089.7,96089.8,169800980,-2403.5,9.1e-05,UTC+8,"[-0.0244, -0.0795, 0.0005, 0.4737, 0.5742, 1.265]","[-0.0261, -0.0331, -0.0244]"
1735227000175,BTC_USDT,96085.9,-0.0244,96089.8,96129.0,939510175,9156166791.88655,105741.9,86516.1,95153.1,99949.9,96088.1,96098.3,169829028,-2407.4,9.1e-05,UTC+8,"[-0.0244, -0.0795, 0.0004, 0.4737, 0.5741, 1.2649]","[-0.0261, -0.0331, -0.0244]"
1735227003167,BTC_USDT,96082.1,-0.0244,96113.6,96126.4,939582857,9156865165.70145,105739.0,86513.7,95153.1,99949.9,96082.1,96082.2,169835749,-2411.2,9.1e-05,UTC+8,"[-0.0244, -0.0796, 0.0004, 0.4736, 0.574, 1.2648]","[-0.0262, -0.0331, -0.0244]"
1735227005149,BTC_USDT,96097.2,-0.0243,96082.2,96134.3,939593487,9156967304.77057,105747.7,86520.8,95153.1,99949.9,96097.1,96097.2,169861060,-2396.1,9.1e-05,UTC+8,"[-0.0243, -0.0794, 0.0005, 0.4738, 0.5743, 1.2652]","[-0.026, -0.033, -0.0243]"
1735227007165,BTC_USDT,96097.0,-0.0243,96090.0,96142.1,939646484,9157476574.96454,105756.3,86527.8,95153.1,99949.9,96096.9,96097.0,169865380,-2396.3,9.1e-05,UTC+8,"[-0.0243, -0.0794, 0.0005, 0.4738, 0.5743, 1.2652]","[-0.026, -0.033, -0.0243]"
1735227009161,BTC_USDT,96092.5,-0.0243,96093.4,96127.9,939667864,9157682023.24585,105740.6,86515.1,95153.1,99949.9,96092.4,96092.5,169867105,-2400.8,9.1e-05,UTC+8,"[-0.0243, -0.0795, 0.0005, 0.4738, 0.5742, 1.265]","[-0.026, -0.033, -0.0243]"
1735227012156,BTC_USDT,96063.5,-0.0246,96088.1,96126.3,939671705,9157718927.65331,105738.9,86513.6,95153.1,99949.9,96063.4,96063.5,169703647,-2429.8,9.1e-05,UTC+8,"[-0.0246, -0.0798, 0.0002, 0.4733, 0.5737, 1.2644]","[-0.0263, -0.0333, -0.0246]"
1735227014162,BTC_USDT,96050.3,-0.0248,96055.1,96099.9,939803160,9158981572.17425,105709.8,86489.9,95153.1,99949.9,96050.2,96050.3,169798244,-2443.0,9.1e-05,UTC+8,"[-0.0248, -0.0799, 0.0001, 0.4731, 0.5735, 1.2641]","[-0.0265, -0.0335, -0.0248]"
1735227016154,BTC_USDT,96050.0,-0.0248,96050.0,96091.6,939837346,9159309929.41483,105700.7,86482.4,95153.1,99949.9,96050.0,96050.1,169871122,-2443.3,9.1e-05,UTC+8,"[-0.0248, -0.0799, 0.0, 0.4731, 0.5735, 1.264]","[-0.0265, -0.0335, -0.0248]"
1735227019165,BTC_USDT,96071.1,-0.0245,96088.2,96128.5,939963841,9160525276.02557,105741.3,86515.6,95153.1,99949.9,96071.1,96071.2,169882077,-2422.2,9.1e-05,UTC+8,"[-0.0245, -0.0797, 0.0003, 0.4734, 0.5739, 1.2645]","[-0.0263, -0.0332, -0.0245]"
1735227021164,BTC_USDT,96071.1,-0.0245,96071.1,96108.3,939972881,9160612120.78035,105719.1,86497.4,95153.1,99949.9,96075.4,96075.5,169882459,-2422.2,9.1e-05,UTC+8,"[-0.0245, -0.0797, 0.0003, 0.4734, 0.5739, 1.2645]","[-0.0263, -0.0332, -0.0245]"
1735227023164,BTC_USDT,96092.5,-0.0243,96088.7,96125.3,939982133,9160701016.66157,105737.8,86512.7,95153.1,99949.9,96107.9,96108.0,169891293,-2400.8,9.1e-05,UTC+8,"[-0.0243, -0.0795, 0.0005, 0.4738, 0.5742, 1.265]","[-0.026, -0.033, -0.0243]"
1735227025163,BTC_USDT,96123.6,-0.024,96123.5,96158.7,940041219,9161268960.24151,105774.5,86542.8,95153.1,99949.9,96123.5,96123.6,169916068,-2369.7,9.1e-05,UTC+8,"[-0.024, -0.0792, 0.0008, 0.4742, 0.5747, 1.2658]","[-0.0257, -0.0327, -0.024]"
1735227028164,BTC_USDT,96143.8,-0.0238,96143.7,96175.5,940042966,9161285753.7678,105793.0,86557.9,95153.1,99949.9,96133.7,96133.8,169919672,-2349.5,9.1e-05,UTC+8,"[-0.0238, -0.079, 0.001, 0.4745, 0.575, 1.2663]","[-0.0255, -0.0325, -0.0238]"
1735227030162,BTC_USDT,96136.3,-0.0239,96136.3,96171.6,940050400,9161357221.14998,105788.7,86554.4,95153.1,99949.9,96127.8,96136.3,169920212,-2357.0,9.1e-05,UTC+8,"[-0.0239, -0.0791, 0.0009, 0.4744, 0.5749, 1.2661]","[-0.0256, -0.0326, -0.0239]"
1735227032161,BTC_USDT,96134.4,-0.0239,96140.0,96172.0,940067350,9161520165.09442,105789.2,86554.8,95153.1,99949.9,96133.3,96133.4,169939555,-2358.9,9.1e-05,UTC+8,"[-0.0239, -0.0791, 0.0009, 0.4744, 0.5749, 1.266]","[-0.0256, -0.0326, -0.0239]"
1735227034156,BTC_USDT,96134.4,-0.0239,96140.2,96170.9,940081656,9161657695.82462,105787.9,86553.8,95153.1,99949.9,96134.4,96134.5,169347139,-2358.9,9.1e-05,UTC+8,"[-0.0239, -0.0791, 0.0009, 0.4744, 0.5749, 1.266]","[-0.0256, -0.0326, -0.0239]"
1735227037164,BTC_USDT,96139.9,-0.0238,96133.7,96174.5,940108274,9161913585.50649,105791.9,86557.0,95153.1,99949.9,96139.9,96140.0,169376608,-2353.4,9.1e-05,UTC+8,"[-0.0238, -0.079, 0.001, 0.4745, 0.575, 1.2662]","[-0.0256, -0.0326, -0.0238]"
1735227039165,BTC_USDT,96140.1,-0.0238,96140.2,96183.9,940119897,9162025329.18712,105802.2,86565.5,95153.1,99949.9,96140.1,96140.2,169400800,-2353.2,9.1e-05,UTC+8,"[-0.0238, -0.079, 0.001, 0.4745, 0.575, 1.2662]","[-0.0256, -0.0325, -0.0238]"
1735227041166,BTC_USDT,96149.9,-0.0237,96133.8,96176.7,940124372,9162068354.37256,105794.3,86559.0,95153.1,99949.9,96149.9,96150.0,169411392,-2343.4,9.1e-05,UTC+8,"[-0.0237, -0.0789, 0.0011, 0.4746, 0.5751, 1.2664]","[-0.0255, -0.0324, -0.0237]"
1735227043164,BTC_USDT,96149.9,-0.0237,96149.9,96190.2,940150843,9162322873.02913,105809.2,86571.1,95153.1,99949.9,96149.9,96150.0,169452446,-2343.4,9.1e-05,UTC+8,"[-0.0237, -0.0789, 0.0011, 0.4746, 0.5751, 1.2664]","[-0.0255, -0.0324, -0.0237]"
1735227046172,BTC_USDT,96166.8,-0.0236,96169.6,96213.1,940190416,9162703417.63898,105834.4,86591.7,95153.1,99949.9,96166.7,96166.8,169484918,-2326.5,9.1e-05,UTC+8,"[-0.0236, -0.0788, 0.0013, 0.4749, 0.5754, 1.2668]","[-0.0253, -0.0323, -0.0236]"
1735227048166,BTC_USDT,96140.3,-0.0238,96171.3,96201.6,940202274,9162817446.685,105821.7,86581.4,95153.1,99949.9,96140.2,96140.3,169490685,-2353.0,9.1e-05,UTC+8,"[-0.0238, -0.079, 0.001, 0.4745, 0.575, 1.2662]","[-0.0256, -0.0325, -0.0238]"
1735227050167,BTC_USDT,96140.1,-0.0238,96141.9,96185.2,940218352,9162972020.33626,105803.7,86566.6,95153.1,99949.9,96140.1,96140.2,169505247,-2353.2,9.1e-05,UTC+8,"[-0.0238, -0.079, 0.001, 0.4745, 0.575, 1.2662]","[-0.0256, -0.0325, -0.0238]"
1735227053163,BTC_USDT,96140.3,-0.0238,96140.2,96182.3,940280407,9163568618.51768,105800.5,86564.0,95153.1,99949.9,96137.7,96140.3,169532229,-2353.0,9.1e-05,UTC+8,"[-0.0238, -0.079, 0.001, 0.4745, 0.575, 1.2662]","[-0.0256, -0.0325, -0.0238]"
1735227055165,BTC_USDT,96133.0,-0.0239,96126.6,96169.9,940294706,9163706083.72777,105786.8,86552.9,95153.1,99949.9,96133.0,96133.1,169556191,-2360.3,9.1e-05,UTC+8,"[-0.0239, -0.0791, 0.0009, 0.4744, 0.5749, 1.266]","[-0.0256, -0.0326, -0.0239]"
1735227057165,BTC_USDT,96131.7,-0.0239,96126.5,96169.7,940298407,9163741661.51823,105786.6,86552.7,95153.1,99949.9,96131.7,96131.8,169556374,-2361.6,9.1e-05,UTC+8,"[-0.0239, -0.0791, 0.0009, 0.4744, 0.5748, 1.266]","[-0.0257, -0.0326, -0.0239]"
1735227059165,BTC_USDT,96125.1,-0.024,96126.1,96169.3,940319673,9163946093.72596,105786.2,86552.3,95153.1,99949.9,96125.1,96125.2,169393500,-2368.2,9.1e-05,UTC+8,"[-0.024, -0.0792, 0.0008, 0.4743, 0.5747, 1.2658]","[-0.0257, -0.0327, -0.024]"
1735227062169,BTC_USDT,96138.1,-0.0239,96155.6,96193.8,940323064,9163978694.07486,105813.1,86574.4,95153.1,99949.9,96132.8,96132.9,169400851,-2355.2,9.1e-05,UTC+8,"[-0.0239, -0.079, 0.001, 0.4745, 0.575, 1.2661]","[-0.0256, -0.0326, -0.0239]"
1735227064167,BTC_USDT,96107.3,-0.0242,96109.4,96152.4,940358274,9164317072.7608,105767.6,86537.1,95153.1,99949.9,96107.3,96107.4,169488835,-2386.0,9.1e-05,UTC+8,"[-0.0242, -0.0793, 0.0006, 0.474, 0.5744, 1.2654]","[-0.0259, -0.0329, -0.0242]"
1735227066166,BTC_USDT,96135.0,-0.0239,96119.7,96154.4,940372753,9164456230.62179,105769.8,86538.9,95153.1,99949.9,96140.5,96140.6,169518448,-2358.3,9.1e-05,UTC+8,"[-0.0239, -0.0791, 0.0009, 0.4744, 0.5749, 1.2661]","[-0.0256, -0.0326, -0.0239]"
1735227068169,BTC_USDT,96140.5,-0.0238,96140.6,96181.3,940393106,9164651905.49845,105799.4,86563.1,95153.1,99949.9,96140.5,96140.6,169561396,-2352.8,9.1e-05,UTC+8,"[-0.0238, -0.079, 0.001, 0.4745, 0.575, 1.2662]","[-0.0256, -0.0325, -0.0238]"
1735227071163,BTC_USDT,96114.1,-0.0241,96121.6,96164.5,940400197,9164720066.57395,105780.9,86548.0,95153.1,99949.9,96114.1,96114.2,169567264,-2379.2,9.1e-05,UTC+8,"[-0.0241, -0.0793, 0.0007, 0.4741, 0.5746, 1.2656]","[-0.0258, -0.0328, -0.0241]"
1735227073155,BTC_USDT,96088.7,-0.0244,96108.8,96151.7,940463888,9165332135.4652,105766.8,86536.5,95153.1,99949.9,96088.7,96088.8,169585552,-2404.6,9.1e-05,UTC+8,"[-0.0244, -0.0795, 0.0005, 0.4737, 0.5741, 1.265]","[-0.0261, -0.0331, -0.0244]"
1735227075166,BTC_USDT,96087.5,-0.0244,96092.1,96135.0,940467626,9165368053.61687,105748.5,86521.5,95153.1,99949.9,96082.4,96082.5,169588029,-2405.8,9.1e-05,UTC+8,"[-0.0244, -0.0795, 0.0004, 0.4737, 0.5741, 1.2649]","[-0.0261, -0.0331, -0.0244]"
1735227078193,BTC_USDT,96093.7,-0.0243,96093.6,96133.0,940496207,9165642690.66355,105746.3,86519.7,95153.1,99949.9,96093.6,96093.7,169276719,-2399.6,9.1e-05,UTC+8,"[-0.0243, -0.0795, 0.0005, 0.4738, 0.5742, 1.2651]","[-0.026, -0.033, -0.0243]"
1735227080166,BTC_USDT,96075.4,-0.0245,96089.9,96132.6,940519037,9165862065.52571,105745.8,86519.3,95153.1,99949.9,96075.3,96075.4,169321590,-2417.9,9.1e-05,UTC+8,"[-0.0245, -0.0796, 0.0003, 0.4735, 0.5739, 1.2646]","[-0.0262, -0.0332, -0.0245]"
1735227082163,BTC_USDT,96061.0,-0.0246,96070.5,96113.1,940555389,9166211260.73095,105724.4,86501.7,95153.1,99949.9,96061.0,96061.1,169342056,-2432.3,9.1e-05,UTC+8,"[-0.0246, -0.0798, 0.0002, 0.4733, 0.5737, 1.2643]","[-0.0264, -0.0333, -0.0246]"
1735227084165,BTC_USDT,96074.5,-0.0245,96066.0,96108.7,940561118,9166266294.13949,105719.5,86497.8,95153.1,99949.9,96074.4,96074.5,169348885,-2418.8,9.1e-05,UTC+8,"[-0.0245, -0.0797, 0.0003, 0.4735, 0.5739, 1.2646]","[-0.0262, -0.0332, -0.0245]"
1735227087163,BTC_USDT,96074.5,-0.0245,96074.5,96113.7,940588958,9166533765.414,105725.0,86502.3,95153.1,99949.9,96074.4,96074.5,169377195,-2418.8,9.1e-05,UTC+8,"[-0.0245, -0.0797, 0.0003, 0.4735, 0.5739, 1.2646]","[-0.0262, -0.0332, -0.0245]"
1735227089163,BTC_USDT,96061.2,-0.0246,96073.0,96112.4,940595962,9166601058.2859,105723.6,86501.1,95153.1,99949.9,96061.2,96061.3,169385986,-2432.1,9.1e-05,UTC+8,"[-0.0246, -0.0798, 0.0002, 0.4733, 0.5737, 1.2643]","[-0.0264, -0.0333, -0.0246]"
1735227091168,BTC_USDT,96056.1,-0.0247,96061.3,96096.5,940914894,9169664289.45655,105706.1,86486.8,95153.1,99949.9,96056.0,96056.1,169412796,-2437.2,9.1e-05,UTC+8,"[-0.0247, -0.0798, 0.0001, 0.4732, 0.5736, 1.2642]","[-0.0264, -0.0334, -0.0247]"
1735227094167,BTC_USDT,96013.0,-0.0251,96028.6,96071.1,941196111,9172365053.81048,105678.2,86463.9,95153.1,99949.9,96013.0,96013.1,169584339,-2480.3,9.1e-05,UTC+8,"[-0.0251, -0.0802, -0.0002, 0.4725, 0.5729, 1.2632]","[-0.0269, -0.0338, -0.0251]"
1735227096167,BTC_USDT,95999.1,-0.0253,96000.1,96042.6,941277509,9173146478.90477,105646.8,86438.3,95153.1,99949.9,95992.4,95992.5,168130749,-2494.2,9.1e-05,UTC+8,"[-0.0253, -0.0804, -0.0004, 0.4723, 0.5727, 1.2628]","[-0.027, -0.034, -0.0253]"
1735227098165,BTC_USDT,95982.4,-0.0254,95985.0,96021.8,941455339,9174853455.49403,105623.9,86419.6,95153.1,99949.9,95982.3,95982.4,168152724,-2510.9,9.1e-05,UTC+8,"[-0.0254, -0.0805, -0.0006, 0.4721, 0.5724, 1.2625]","[-0.0272, -0.0341, -0.0254]"
1735227100181,BTC_USDT,95975.4,-0.0255,95985.2,96027.6,941509893,9175377076.41064,105630.3,86424.8,95153.1,99949.9,95975.4,95975.5,168178644,-2517.9,9.1e-05,UTC+8,"[-0.0255, -0.0806, -0.0006, 0.472, 0.5723, 1.2623]","[-0.0272, -0.0342, -0.0255]"
1735227103166,BTC_USDT,96013.7,-0.0251,96020.0,96059.6,941658691,9176805779.4548,105665.5,86453.6,95153.1,99949.9,96013.6,96013.7,168204211,-2479.6,9.1e-05,UTC+8,"[-0.0251, -0.0802, -0.0002, 0.4726, 0.5729, 1.2632]","[-0.0268, -0.0338, -0.0251]"
1735227105160,BTC_USDT,96011.6,-0.0251,96016.9,96059.4,941688929,9177096099.06473,105665.3,86453.4,95153.1,99949.9,96011.5,96011.6,168229332,-2481.7,9.1e-05,UTC+8,"[-0.0251, -0.0803, -0.0002, 0.4725, 0.5729, 1.2631]","[-0.0269, -0.0338, -0.0251]"
1735227107167,BTC_USDT,95980.1,-0.0255,95988.2,96030.7,941697050,9177174045.38802,105633.7,86427.6,95153.1,99949.9,95980.0,95980.1,168229814,-2513.2,9.1e-05,UTC+8,"[-0.0255, -0.0806, -0.0006, 0.472, 0.5724, 1.2624]","[-0.0272, -0.0342, -0.0255]"
1735227109165,BTC_USDT,95980.0,-0.0255,95988.1,96030.6,941824631,9178398569.05488,105633.6,86427.5,95153.1,99949.9,95980.0,95980.1,168239797,-2513.3,9.1e-05,UTC+8,"[-0.0255, -0.0806, -0.0006, 0.472, 0.5724, 1.2624]","[-0.0272, -0.0342, -0.0255]"
1735227112164,BTC_USDT,95998.6,-0.0253,95997.3,96039.7,941844116,9178585599.98844,105643.6,86435.7,95153.1,99949.9,95998.6,95998.7,168260302,-2494.7,9.1e-05,UTC+8,"[-0.0253, -0.0804, -0.0004, 0.4723, 0.5727, 1.2628]","[-0.027, -0.034, -0.0253]"
1735227114161,BTC_USDT,95998.6,-0.0253,95998.7,96040.0,941851399,9178655515.78026,105644.0,86436.0,95153.1,99949.9,95999.9,96000.0,168270811,-2494.7,9.1e-05,UTC+8,"[-0.0253, -0.0804, -0.0004, 0.4723, 0.5727, 1.2628]","[-0.027, -0.034, -0.0253]"
1735227116164,BTC_USDT,95980.5,-0.0255,96005.7,96048.1,941858073,9178719584.74115,105652.9,86443.2,95153.1,99949.9,95978.9,95980.6,167763261,-2512.8,9.1e-05,UTC+8,"[-0.0255, -0.0806, -0.0006, 0.472, 0.5724, 1.2624]","[-0.0272, -0.0342, -0.0255]"
1735227119166,BTC_USDT,95979.6,-0.0255,95988.4,96030.7,941873686,9178869444.01598,105633.7,86427.6,95153.1,99949.9,95979.5,95979.6,167777899,-2513.7,9.1e-05,UTC+8,"[-0.0255, -0.0806, -0.0006, 0.472, 0.5724, 1.2624]","[-0.0272, -0.0342, -0.0255]"
1735227121164,BTC_USDT,95970.4,-0.0256,95981.7,96024.1,941918233,9179296999.36814,105626.5,86421.6,95153.1,99949.9,95970.4,95970.5,167837864,-2522.9,9.1e-05,UTC+8,"[-0.0256, -0.0807, -0.0007, 0.4719, 0.5722, 1.2622]","[-0.0273, -0.0343, -0.0256]"
1735227123162,BTC_USDT,95975.0,-0.0255,95984.7,96027.1,941945966,9179563178.76202,105629.8,86424.3,95153.1,99949.9,95970.6,95970.7,167877853,-2518.3,9.1e-05,UTC+8,"[-0.0255, -0.0806, -0.0006, 0.472, 0.5723, 1.2623]","[-0.0272, -0.0342, -0.0255]"
1735227125154,BTC_USDT,95978.0,-0.0255,95980.8,96023.2,941952172,9179622739.85275,105625.5,86420.8,95153.1,99949.9,95977.9,95978.0,167891572,-2515.3,9.1e-05,UTC+8,"[-0.0255, -0.0806, -0.0006, 0.472, 0.5723, 1.2623]","[-0.0272, -0.0342, -0.0255]"
1735227128157,BTC_USDT,95985.3,-0.0254,95984.7,96027.1,941985154,9179939302.70286,105629.8,86424.3,95153.1,99949.9,95985.3,95985.4,167911171,-2508.0,9.1e-05,UTC+8,"[-0.0254, -0.0805, -0.0005, 0.4721, 0.5725, 1.2625]","[-0.0271, -0.0341, -0.0254]"
1735227130162,BTC_USDT,95956.8,-0.0257,95972.0,96014.4,942047679,9180539303.46127,105615.8,86412.9,95153.1,99949.9,95956.7,95956.8,167924739,-2536.5,9.1e-05,UTC+8,"[-0.0257, -0.0808, -0.0008, 0.4717, 0.572, 1.2618]","[-0.0274, -0.0344, -0.0257]"
1735227132168,BTC_USDT,95956.6,-0.0257,95968.4,96011.0,942079801,9180847535.80409,105612.1,86409.9,95153.1,99949.9,95956.6,95956.7,167924844,-2536.7,9.1e-05,UTC+8,"[-0.0257, -0.0808, -0.0008, 0.4717, 0.572, 1.2618]","[-0.0274, -0.0344, -0.0257]"
1735227134168,BTC_USDT,95950.1,-0.0258,95967.1,95999.5,942089476,9180940368.52932,105599.4,86399.5,95153.1,99949.9,95950.0,95950.1,167927378,-2543.2,9.1e-05,UTC+8,"[-0.0258, -0.0808, -0.0009, 0.4716, 0.5719, 1.2617]","[-0.0275, -0.0345, -0.0258]"
1735227137150,BTC_USDT,95974.3,-0.0255,95974.4,96015.2,942106467,9181103434.67847,105616.7,86413.6,95153.1,99949.9,95974.3,95974.4,167953352,-2519.0,9.1e-05,UTC+8,"[-0.0255, -0.0806, -0.0006, 0.4719, 0.5723, 1.2623]","[-0.0272, -0.0342, -0.0255]"
1735227139195,BTC_USDT,95967.8,-0.0256,95974.3,96015.0,942128878,9181318519.75719,105616.5,86413.5,95153.1,99949.9,95967.8,95967.9,167789566,-2525.5,9.1e-05,UTC+8,"[-0.0256, -0.0807, -0.0007, 0.4718, 0.5722, 1.2621]","[-0.0273, -0.0343, -0.0256]"
1735227141164,BTC_USDT,95956.7,-0.0257,95967.9,96003.5,942338627,9183331288.13169,105603.8,86403.1,95153.1,99949.9,95945.9,95946.0,168533434,-2536.6,9.1e-05,UTC+8,"[-0.0257, -0.0808, -0.0008, 0.4717, 0.572, 1.2618]","[-0.0274, -0.0344, -0.0257]"
1735227143160,BTC_USDT,95945.7,-0.0258,95956.4,95999.3,942432394,9184230944.90787,105599.2,86399.3,95153.1,99949.9,95945.7,95945.8,168557212,-2547.6,9.1e-05,UTC+8,"[-0.0258, -0.0809, -0.0009, 0.4715, 0.5718, 1.2616]","[-0.0275, -0.0345, -0.0258]"
1735227146159,BTC_USDT,95947.4,-0.0258,95945.7,95985.3,942461044,9184505825.36959,105583.8,86386.7,95153.1,99949.9,95947.4,95947.5,168607929,-2545.9,9.1e-05,UTC+8,"[-0.0258, -0.0809, -0.0009, 0.4715, 0.5718, 1.2616]","[-0.0275, -0.0345, -0.0258]"
1735227148165,BTC_USDT,95922.6,-0.0261,95934.5,95977.6,942491860,9184801464.34473,105575.3,86379.8,95153.1,99949.9,95918.8,95918.9,168650096,-2570.7,9.1e-05,UTC+8,"[-0.0261, -0.0811, -0.0012, 0.4712, 0.5714, 1.261]","[-0.0278, -0.0347, -0.0261]"
1735227150166,BTC_USDT,95917.1,-0.0261,95922.9,95966.1,942512269,9184997224.55867,105562.7,86369.4,95153.1,99949.9,95928.6,95928.7,168670551,-2576.2,9.1e-05,UTC+8,"[-0.0261, -0.0812, -0.0012, 0.4711, 0.5713, 1.2609]","[-0.0278, -0.0348, -0.0261]"
1735227153166,BTC_USDT,95930.7,-0.026,95933.5,95976.7,942545474,9185315770.08676,105574.3,86379.0,95153.1,99949.9,95930.6,95930.7,168724573,-2562.6,9.1e-05,UTC+8,"[-0.026, -0.081, -0.0011, 0.4713, 0.5716, 1.2612]","[-0.0277, -0.0347, -0.026]"
1735227155162,BTC_USDT,95939.0,-0.0259,95941.8,95985.0,942575447,9185603317.04041,105583.5,86386.5,95153.1,99949.9,95943.0,95943.1,167749484,-2554.3,9.1e-05,UTC+8,"[-0.0259, -0.081, -0.001, 0.4714, 0.5717, 1.2614]","[-0.0276, -0.0346, -0.0259]"
1735227157165,BTC_USDT,95939.1,-0.0259,95945.6,95985.1,942581209,9185658599.68581,105583.6,86386.5,95153.1,99949.9,95939.0,95939.1,167750024,-2554.2,9.1e-05,UTC+8,"[-0.0259, -0.0809, -0.001, 0.4714, 0.5717, 1.2614]","[-0.0276, -0.0346, -0.0259]"
1735227159163,BTC_USDT,95939.1,-0.0259,95941.9,95985.1,942595168,9185792520.95204,105583.6,86386.5,95153.1,99949.9,95939.0,95939.1,167764662,-2554.2,9.1e-05,UTC+8,"[-0.0259, -0.0809, -0.001, 0.4714, 0.5717, 1.2614]","[-0.0276, -0.0346, -0.0259]"
1735227162165,BTC_USDT,95922.5,-0.0261,95939.1,95976.0,942635709,9186181454.84743,105573.6,86378.4,95153.1,99949.9,95918.5,95918.6,167791510,-2570.8,9.1e-05,UTC+8,"[-0.0261, -0.0811, -0.0012, 0.4712, 0.5714, 1.261]","[-0.0278, -0.0347, -0.0261]"
1735227164164,BTC_USDT,95904.4,-0.0262,95922.9,95958.9,942646002,9186280180.66326,105554.7,86363.0,95153.1,99949.9,95904.3,95904.4,167799420,-2588.9,9.1e-05,UTC+8,"[-0.0262, -0.0813, -0.0014, 0.4709, 0.5711, 1.2606]","[-0.028, -0.0349, -0.0262]"
1735227166166,BTC_USDT,95890.8,-0.0264,95910.2,95953.7,942740326,9187184690.51463,105549.0,86358.3,95153.1,99949.9,95889.1,95889.2,167783310,-2602.5,9.1e-05,UTC+8,"[-0.0264, -0.0814, -0.0015, 0.4707, 0.5709, 1.2603]","[-0.0281, -0.0351, -0.0264]"
1735227168167,BTC_USDT,95881.0,-0.0265,95897.9,95941.4,942769957,9187468810.90845,105535.5,86347.2,95153.1,99949.9,95880.9,95881.0,167789728,-2612.3,9.1e-05,UTC+8,"[-0.0265, -0.0815, -0.0016, 0.4705, 0.5707, 1.2601]","[-0.0282, -0.0352, -0.0265]"
1735227171165,BTC_USDT,95871.1,-0.0266,95881.2,95924.2,942810180,9187854467.30389,105516.6,86331.7,95153.1,99949.9,95871.1,95871.2,167839405,-2622.2,9.1e-05,UTC+8,"[-0.0266, -0.0816, -0.0017, 0.4704, 0.5706, 1.2598]","[-0.0283, -0.0353, -0.0266]"
1735227173163,BTC_USDT,95880.7,-0.0265,95883.3,95926.9,942857910,9188312053.21903,105519.5,86334.2,95153.1,99949.9,95888.0,95888.1,167844844,-2612.6,9.1e-05,UTC+8,"[-0.0265, -0.0815, -0.0016, 0.4705, 0.5707, 1.2601]","[-0.0282, -0.0352, -0.0265]"
1735227175165,BTC_USDT,95883.0,-0.0265,95887.7,95929.6,942894733,9188665129.37563,105522.5,86336.6,95153.1,99949.9,95883.0,95883.1,167855353,-2610.3,9.1e-05,UTC+8,"[-0.0265, -0.0815, -0.0016, 0.4705, 0.5708, 1.2601]","[-0.0282, -0.0351, -0.0265]"
1735227178161,BTC_USDT,95883.0,-0.0265,95886.2,95930.0,942905461,9188767992.67977,105523.0,86337.0,95153.1,99949.9,95880.8,95880.9,167396486,-2610.3,9.1e-05,UTC+8,"[-0.0265, -0.0815, -0.0016, 0.4705, 0.5708, 1.2601]","[-0.0282, -0.0351, -0.0265]"
1735227180170,BTC_USDT,95868.6,-0.0266,95885.6,95925.2,942922241,9188928866.96952,105517.7,86332.6,95153.1,99949.9,95868.5,95868.6,167431140,-2624.7,9.1e-05,UTC+8,"[-0.0266, -0.0816, -0.0017, 0.4703, 0.5705, 1.2598]","[-0.0283, -0.0353, -0.0266]"
1735227182166,BTC_USDT,95868.6,-0.0266,95878.0,95921.9,942952703,9189220901.70502,105514.0,86329.7,95153.1,99949.9,95868.5,95868.6,167440089,-2624.7,9.1e-05,UTC+8,"[-0.0266, -0.0816, -0.0017, 0.4703, 0.5705, 1.2598]","[-0.0283, -0.0353, -0.0266]"
1735227184188,BTC_USDT,95864.4,-0.0266,95867.9,95908.3,942963094,9189320517.53851,105499.1,86317.4,95153.1,99949.9,95864.3,95864.4,167444146,-2628.9,9.1e-05,UTC+8,"[-0.0266, -0.0817, -0.0018, 0.4703, 0.5705, 1.2597]","[-0.0284, -0.0353, -0.0266]"
1735227187165,BTC_USDT,95851.6,-0.0268,95863.0,95907.1,943056424,9190215158.02178,105497.8,86316.3,95153.1,99949.9,95851.6,95851.7,167523177,-2641.7,9.1e-05,UTC+8,"[-0.0268, -0.0818, -0.0019, 0.4701, 0.5703, 1.2594]","[-0.0285, -0.0355, -0.0268]"
1735227189166,BTC_USDT,95851.3,-0.0268,95860.5,95904.7,943110555,9190734011.49708,105495.1,86314.2,95153.1,99949.9,95847.0,95847.1,167616835,-2642.0,9.1e-05,UTC+8,"[-0.0268, -0.0818, -0.0019, 0.4701, 0.5703, 1.2594]","[-0.0285, -0.0355, -0.0268]"
1735227191168,BTC_USDT,95859.9,-0.0267,95863.0,95907.2,943145006,9191064209.31543,105497.9,86316.4,95153.1,99949.9,95859.9,95860.0,167644288,-2633.4,9.1e-05,UTC+8,"[-0.0267, -0.0817, -0.0018, 0.4702, 0.5704, 1.2596]","[-0.0284, -0.0354, -0.0267]"
1735227194164,BTC_USDT,95841.9,-0.0269,95868.1,95911.7,943185298,9191450461.99202,105502.8,86320.5,95153.1,99949.9,95841.9,95842.0,167435719,-2651.4,9.1e-05,UTC+8,"[-0.0269, -0.0819, -0.002, 0.4699, 0.5701, 1.2591]","[-0.0286, -0.0355, -0.0269]"
1735227196166,BTC_USDT,95810.0,-0.0272,95838.3,95882.3,943217280,9191756937.67617,105470.5,86294.0,95153.1,99949.9,95797.0,95797.1,167445028,-2683.3,9.1e-05,UTC+8,"[-0.0272, -0.0822, -0.0023, 0.4694, 0.5696, 1.2584]","[-0.0289, -0.0359, -0.0272]"
1735227198164,BTC_USDT,95788.1,-0.0274,95798.3,95842.6,943352706,9193054232.40814,105426.8,86258.3,95153.1,99949.9,95788.1,95788.2,167516370,-2705.2,9.1e-05,UTC+8,"[-0.0274, -0.0824, -0.0026, 0.4691, 0.5692, 1.2579]","[-0.0291, -0.0361, -0.0274]"
1735227200187,BTC_USDT,95821.1,-0.0271,95821.8,95866.0,943592491,9195351806.19277,105452.6,86279.4,95153.1,99949.9,95821.1,95821.2,167696139,-2672.2,9.1e-05,UTC+8,"[-0.0271, -0.0821, -0.0022, 0.4696, 0.5698, 1.2587]","[-0.0288, -0.0358, -0.0271]"
1735227203167,BTC_USDT,95821.2,-0.0271,95826.0,95870.3,943621783,9195632490.1457,105457.3,86283.2,95153.1,99949.9,95821.2,95821.3,167722084,-2672.1,9.1e-05,UTC+8,"[-0.0271, -0.0821, -0.0022, 0.4696, 0.5698, 1.2587]","[-0.0288, -0.0358, -0.0271]"
1735227205165,BTC_USDT,95821.3,-0.0271,95825.7,95870.1,943678066,9196171801.08342,105457.1,86283.0,95153.1,99949.9,95821.2,95821.3,167838537,-2672.0,9.1e-05,UTC+8,"[-0.0271, -0.0821, -0.0022, 0.4696, 0.5698, 1.2587]","[-0.0288, -0.0358, -0.0271]"
1735227207169,BTC_USDT,95850.0,-0.0268,95841.8,95883.1,943685280,9196240938.34882,105471.4,86294.7,95153.1,99949.9,95859.5,95859.6,167851126,-2643.3,9.1e-05,UTC+8,"[-0.0268, -0.0818, -0.0019, 0.47, 0.5702, 1.2593]","[-0.0285, -0.0355, -0.0268]"
1735227210165,BTC_USDT,95855.1,-0.0267,95855.1,95895.7,943727043,9196641263.87196,105485.2,86306.1,95153.1,99949.9,95855.0,95855.1,167871420,-2638.2,9.1e-05,UTC+8,"[-0.0267, -0.0818, -0.0019, 0.4701, 0.5703, 1.2595]","[-0.0285, -0.0354, -0.0267]"
1735227212165,BTC_USDT,95877.9,-0.0265,95871.7,95913.7,943789535,9197240387.63251,105505.0,86322.3,95153.1,99949.9,95877.8,95877.9,167889916,-2615.4,9.1e-05,UTC+8,"[-0.0265, -0.0815, -0.0016, 0.4705, 0.5707, 1.26]","[-0.0282, -0.0352, -0.0265]"
1735227214165,BTC_USDT,95913.9,-0.0261,95885.2,95929.6,943891711,9198220123.00558,105522.5,86336.6,95153.1,99949.9,95913.8,95913.9,166841942,-2579.4,9.1e-05,UTC+8,"[-0.0261, -0.0812, -0.0013, 0.471, 0.5713, 1.2608]","[-0.0279, -0.0348, -0.0261]"
1735227216164,BTC_USDT,95917.1,-0.0261,95920.8,95938.3,943984042,9199105669.54154,105532.1,86344.4,95153.1,99949.9,95917.0,95917.1,167142888,-2576.2,9.1e-05,UTC+8,"[-0.0261, -0.0812, -0.0012, 0.4711, 0.5713, 1.2609]","[-0.0278, -0.0348, -0.0261]"
1735227219161,BTC_USDT,95933.1,-0.0259,95925.6,95963.9,944047559,9199714938.98447,105560.2,86367.5,95153.1,99949.9,95933.0,95933.1,167155790,-2560.2,9.1e-05,UTC+8,"[-0.0259, -0.081, -0.0011, 0.4713, 0.5716, 1.2613]","[-0.0277, -0.0346, -0.0259]"
1735227221167,BTC_USDT,95944.8,-0.0258,95946.8,95991.1,944112508,9200338091.03281,105590.2,86391.9,95153.1,99949.9,95944.8,95944.9,167188960,-2548.5,9.1e-05,UTC+8,"[-0.0258, -0.0809, -0.0009, 0.4715, 0.5718, 1.2616]","[-0.0275, -0.0345, -0.0258]"
1735227223160,BTC_USDT,95980.0,-0.0255,95975.5,96007.4,944178549,9200971768.2104,105608.1,86406.6,95153.1,99949.9,95981.7,95981.8,167212342,-2513.3,9.1e-05,UTC+8,"[-0.0255, -0.0806, -0.0006, 0.472, 0.5724, 1.2624]","[-0.0272, -0.0342, -0.0255]"
1735227226165,BTC_USDT,95990.2,-0.0254,95992.4,96036.7,944464766,9203719193.82673,105640.3,86433.0,95153.1,99949.9,95996.7,95996.8,167305993,-2503.1,9.1e-05,UTC+8,"[-0.0254, -0.0805, -0.0005, 0.4722, 0.5725, 1.2626]","[-0.0271, -0.0341, -0.0254]"
1735227228162,BTC_USDT,95995.5,-0.0253,95992.3,96036.5,944493302,9203993117.81853,105640.1,86432.8,95153.1,99949.9,95995.5,95995.6,167340009,-2497.8,9.1e-05,UTC+8,"[-0.0253, -0.0804, -0.0004, 0.4723, 0.5726, 1.2628]","[-0.027, -0.034, -0.0253]"
1735227230205,BTC_USDT,95996.8,-0.0253,95998.0,96042.4,944506347,9204118345.48892,105646.6,86438.1,95153.1,99949.9,95996.8,95996.9,167363161,-2496.5,9.1e-05,UTC+8,"[-0.0253, -0.0804, -0.0004, 0.4723, 0.5726, 1.2628]","[-0.027, -0.034, -0.0253]"
1735227232164,BTC_USDT,96000.0,-0.0253,95998.1,96042.5,944536020,9204403198.20878,105646.7,86438.2,95153.1,99949.9,95999.9,96000.0,167403153,-2493.3,9.1e-05,UTC+8,"[-0.0253, -0.0804, -0.0004, 0.4723, 0.5727, 1.2629]","[-0.027, -0.034, -0.0253]"
1735227235165,BTC_USDT,95957.9,-0.0257,95967.7,96010.8,944558151,9204615631.89319,105611.8,86409.7,95153.1,99949.9,95957.9,95958.0,166991918,-2535.4,9.1e-05,UTC+8,"[-0.0257, -0.0808, -0.0008, 0.4717, 0.572, 1.2619]","[-0.0274, -0.0344, -0.0257]"
1735227237158,BTC_USDT,95954.2,-0.0257,95965.1,96009.7,944562764,9204659896.57762,105610.6,86408.7,95153.1,99949.9,95954.1,95954.2,166996634,-2539.1,9.1e-05,UTC+8,"[-0.0257, -0.0808, -0.0008, 0.4716, 0.5719, 1.2618]","[-0.0275, -0.0344, -0.0257]"
1735227239166,BTC_USDT,95957.8,-0.0257,95958.9,96003.6,944568277,9204712796.48185,105603.9,86403.2,95153.1,99949.9,95957.8,95957.9,166999039,-2535.5,9.1e-05,UTC+8,"[-0.0257, -0.0808, -0.0008, 0.4717, 0.572, 1.2619]","[-0.0274, -0.0344, -0.0257]"
1735227241168,BTC_USDT,95959.4,-0.0257,95959.0,96003.8,944576241,9204789217.99953,105604.1,86403.4,95153.1,99949.9,95959.4,95959.5,167017165,-2533.9,9.1e-05,UTC+8,"[-0.0257, -0.0808, -0.0008, 0.4717, 0.572, 1.2619]","[-0.0274, -0.0344, -0.0257]"
1735227244164,BTC_USDT,95960.3,-0.0257,95960.4,96003.5,944630720,9205312000.40895,105603.8,86403.1,95153.1,99949.9,95960.3,95960.4,167027360,-2533.0,9.1e-05,UTC+8,"[-0.0257, -0.0807, -0.0008, 0.4717, 0.572, 1.2619]","[-0.0274, -0.0344, -0.0257]"
1735227246159,BTC_USDT,95994.2,-0.0253,95973.7,96018.8,944633992,9205343404.6975,105620.6,86416.9,95153.1,99949.9,95994.2,95994.3,167033908,-2499.1,9.1e-05,UTC+8,"[-0.0253, -0.0804, -0.0004, 0.4723, 0.5726, 1.2627]","[-0.027, -0.034, -0.0253]"
1735227248164,BTC_USDT,96005.9,-0.0252,95994.3,96038.1,944961410,9208486712.48555,105641.9,86434.2,95153.1,99949.9,96007.1,96007.2,168054861,-2487.4,9.1e-05,UTC+8,"[-0.0252, -0.0803, -0.0003, 0.4724, 0.5728, 1.263]","[-0.0269, -0.0339, -0.0252]"
1735227251155,BTC_USDT,96008.4,-0.0252,96027.8,96059.8,945070097,9209530217.22747,105665.7,86453.8,95153.1,99949.9,96005.6,96005.7,168078063,-2484.9,9.1e-05,UTC+8,"[-0.0252, -0.0803, -0.0003, 0.4725, 0.5728, 1.2631]","[-0.0269, -0.0339, -0.0252]"
1735227253162,BTC_USDT,95980.5,-0.0255,95982.7,96027.4,945073861,9209566343.31381,105630.1,86424.6,95153.1,99949.9,95984.2,95984.3,167976309,-2512.8,9.1e-05,UTC+8,"[-0.0255, -0.0806, -0.0006, 0.472, 0.5724, 1.2624]","[-0.0272, -0.0342, -0.0255]"
1735227255165,BTC_USDT,95994.2,-0.0253,95984.2,96027.8,945083640,9209660206.31076,105630.5,86425.0,95153.1,99949.9,95994.2,95994.3,167994979,-2499.1,9.1e-05,UTC+8,"[-0.0253, -0.0804, -0.0004, 0.4723, 0.5726, 1.2627]","[-0.027, -0.034, -0.0253]"
1735227257164,BTC_USDT,95996.7,-0.0253,95994.2,96037.1,945088735,9209709112.05426,105640.8,86433.3,95153.1,99949.9,95999.9,96000.0,167997168,-2496.6,9.1e-05,UTC+8,"[-0.0253, -0.0804, -0.0004, 0.4723, 0.5726, 1.2628]","[-0.027, -0.034, -0.0253]"
1735227260155,BTC_USDT,95984.2,-0.0254,95991.8,96036.6,945111826,9209930756.19787,105640.2,86432.9,95153.1,99949.9,95987.2,95987.3,168041304,-2509.1,9.1e-05,UTC+8,"[-0.0254, -0.0805, -0.0005, 0.4721, 0.5724, 1.2625]","[-0.0271, -0.0341, -0.0254]"
1735227262164,BTC_USDT,95993.9,-0.0253,95993.9,96036.9,945113292,9209944828.52401,105640.5,86433.2,95153.1,99949.9,95993.8,95993.9,168042229,-2499.4,9.1e-05,UTC+8,"[-0.0253, -0.0804, -0.0004, 0.4722, 0.5726, 1.2627]","[-0.027, -0.034, -0.0253]"
1735227264161,BTC_USDT,96000.0,-0.0253,96003.6,96048.5,945117657,9209986730.74286,105653.3,86443.6,95153.1,99949.9,95999.9,96000.0,168049771,-2493.3,9.1e-05,UTC+8,"[-0.0253, -0.0804, -0.0004, 0.4723, 0.5727, 1.2629]","[-0.027, -0.034, -0.0253]"
1735227267159,BTC_USDT,95999.9,-0.0253,96003.6,96048.5,945121891,9210027377.14217,105653.3,86443.6,95153.1,99949.9,95999.9,96000.0,168050203,-2493.4,9.1e-05,UTC+8,"[-0.0253, -0.0804, -0.0004, 0.4723, 0.5727, 1.2629]","[-0.027, -0.034, -0.0253]"
1735227269154,BTC_USDT,96004.1,-0.0252,96004.1,96048.6,945129527,9210100684.01847,105653.4,86443.7,95153.1,99949.9,96004.1,96004.2,168069798,-2489.2,9.1e-05,UTC+8,"[-0.0252, -0.0803, -0.0003, 0.4724, 0.5728, 1.263]","[-0.0269, -0.0339, -0.0252]"
1735227271164,BTC_USDT,95984.8,-0.0254,95991.9,96036.8,945132177,9210126120.7267,105640.4,86433.1,95153.1,99949.9,95984.8,95984.9,168080119,-2508.5,9.1e-05,UTC+8,"[-0.0254, -0.0805, -0.0005, 0.4721, 0.5724, 1.2625]","[-0.0271, -0.0341, -0.0254]"
1735227273164,BTC_USDT,95954.0,-0.0257,95960.3,96005.2,945151927,9210315647.35497,105605.7,86404.6,95153.1,99949.9,95954.0,95954.1,168068484,-2539.3,9.1e-05,UTC+8,"[-0.0257, -0.0808, -0.0008, 0.4716, 0.5719, 1.2618]","[-0.0275, -0.0344, -0.0257]"
1735227276162,BTC_USDT,95942.2,-0.0259,95948.5,95993.4,945185224,9210635117.97498,105592.7,86394.0,95153.1,99949.9,95931.5,95931.6,168085832,-2551.1,9.1e-05,UTC+8,"[-0.0259, -0.0809, -0.001, 0.4715, 0.5717, 1.2615]","[-0.0276, -0.0345, -0.0259]"
1735227278163,BTC_USDT,95957.4,-0.0257,95950.4,95995.4,945201371,9210790025.86126,105594.9,86395.8,95153.1,99949.9,95960.2,95961.4,168118880,-2535.9,9.1e-05,UTC+8,"[-0.0257, -0.0808, -0.0008, 0.4717, 0.572, 1.2619]","[-0.0274, -0.0344, -0.0257]"
1735227280164,BTC_USDT,95899.2,-0.0263,95952.6,95950.2,945215120,9210921912.76732,105545.2,86355.1,95153.1,99949.9,95899.1,95899.2,168138183,-2594.1,9.1e-05,UTC+8,"[-0.0263, -0.0813, -0.0014, 0.4708, 0.571, 1.2605]","[-0.028, -0.035, -0.0263]"
1735227283166,BTC_USDT,95898.8,-0.0263,95908.5,95949.1,945260865,9211360615.02131,105544.0,86354.1,95153.1,99949.9,95898.8,95898.9,168215302,-2594.5,9.1e-05,UTC+8,"[-0.0263, -0.0813, -0.0014, 0.4708, 0.571, 1.2605]","[-0.028, -0.035, -0.0263]"
1735227285164,BTC_USDT,95905.8,-0.0262,95905.0,95949.7,945261675,9211368383.0017,105544.6,86354.7,95153.1,99949.9,95905.7,95905.8,168216886,-2587.5,9.1e-05,UTC+8,"[-0.0262, -0.0813, -0.0014, 0.4709, 0.5711, 1.2606]","[-0.0279, -0.0349, -0.0262]"
1735227287163,BTC_USDT,95905.8,-0.0262,95905.7,95949.6,945270613,9211454103.60088,105544.5,86354.6,95153.1,99949.9,95905.7,95905.8,168218812,-2587.5,9.1e-05,UTC+8,"[-0.0262, -0.0813, -0.0014, 0.4709, 0.5711, 1.2606]","[-0.0279, -0.0349, -0.0262]"
1735227289164,BTC_USDT,95933.6,-0.0259,95922.4,95967.3,945274542,9211491788.74276,105564.0,86370.5,95153.1,99949.9,95933.6,95933.7,168226927,-2559.7,9.1e-05,UTC+8,"[-0.0259, -0.081, -0.0011, 0.4713, 0.5716, 1.2613]","[-0.0277, -0.0346, -0.0259]"
1735227292159,BTC_USDT,95950.3,-0.0258,95951.5,95996.4,945287972,9211620646.65705,105596.0,86396.7,95153.1,99949.9,95950.2,95950.3,167936976,-2543.0,9.1e-05,UTC+8,"[-0.0258, -0.0808, -0.0009, 0.4716, 0.5719, 1.2617]","[-0.0275, -0.0345, -0.0258]"
1735227294162,BTC_USDT,95962.0,-0.0257,95954.6,95996.9,945288476,9211625482.82225,105596.5,86397.2,95153.1,99949.9,95961.9,95969.9,167938264,-2531.3,9.1e-05,UTC+8,"[-0.0257, -0.0807, -0.0008, 0.4718, 0.5721, 1.262]","[-0.0274, -0.0343, -0.0257]"
1735227296188,BTC_USDT,95960.9,-0.0257,95965.4,96010.7,945300582,9211741653.59817,105611.7,86409.6,95153.1,99949.9,95969.5,95971.5,167974779,-2532.4,9.1e-05,UTC+8,"[-0.0257, -0.0807, -0.0008, 0.4717, 0.5721, 1.2619]","[-0.0274, -0.0344, -0.0257]"
1735227299157,BTC_USDT,95954.9,-0.0257,95975.9,95997.3,945316358,9211893054.27288,105597.0,86397.5,95153.1,99949.9,95963.0,95968.2,167978844,-2538.4,9.1e-05,UTC+8,"[-0.0257, -0.0808, -0.0008, 0.4717, 0.572, 1.2618]","[-0.0274, -0.0344, -0.0257]"
1735227301179,BTC_USDT,95955.2,-0.0257,95965.9,96010.5,945316947,9211898707.20592,105611.5,86409.4,95153.1,99949.9,95950.0,95951.8,167980190,-2538.1,9e-05,UTC+8,"[-0.0257, -0.0808, -0.0008, 0.4717, 0.572, 1.2618]","[-0.0274, -0.0344, -0.0257]"
1735227303165,BTC_USDT,95937.5,-0.0259,95955.1,95985.0,945318552,9211914106.12305,105583.5,86386.5,95153.1,99949.9,95937.4,95937.5,167987854,-2555.8,9e-05,UTC+8,"[-0.0259, -0.081, -0.001, 0.4714, 0.5717, 1.2614]","[-0.0276, -0.0346, -0.0259]"
1735227305161,BTC_USDT,95949.2,-0.0258,95941.6,95986.4,945322636,9211953287.40957,105585.0,86387.7,95153.1,99949.9,95949.1,95949.2,167993838,-2544.1,9e-05,UTC+8,"[-0.0258, -0.0809, -0.0009, 0.4716, 0.5719, 1.2617]","[-0.0275, -0.0345, -0.0258]"
1735227308164,BTC_USDT,95899.3,-0.0263,95905.7,95939.4,945333511,9212057586.00772,105533.3,86345.4,95153.1,99949.9,95899.2,95899.3,167995861,-2594.0,9e-05,UTC+8,"[-0.0263, -0.0813, -0.0014, 0.4708, 0.571, 1.2605]","[-0.028, -0.035, -0.0263]"
1735227310175,BTC_USDT,95876.1,-0.0265,95888.0,95929.1,945344185,9212159946.67916,105522.0,86336.1,95153.1,99949.9,95876.0,95876.1,168025050,-2617.2,9e-05,UTC+8,"[-0.0265, -0.0816, -0.0017, 0.4704, 0.5707, 1.2599]","[-0.0282, -0.0352, -0.0265]"
1735227312161,BTC_USDT,95873.1,-0.0266,95877.3,95922.3,945367689,9212385287.8495,105514.5,86330.0,95153.1,99949.9,95873.1,95873.2,168077743,-2620.2,9e-05,UTC+8,"[-0.0266, -0.0816, -0.0017, 0.4704, 0.5706, 1.2599]","[-0.0283, -0.0352, -0.0266]"
1735227314163,BTC_USDT,95857.3,-0.0267,95866.4,95911.4,945420217,9212888868.19493,105502.5,86320.2,95153.1,99949.9,95857.3,95857.4,168015992,-2636.0,9e-05,UTC+8,"[-0.0267, -0.0817, -0.0019, 0.4702, 0.5704, 1.2595]","[-0.0284, -0.0354, -0.0267]"
