timestamp,symbol,lastPrice,riseFallRate,fairPrice,indexPrice,volume24,amount24,maxBidPrice,minAskPrice,lower24Price,high24Price,bid1,ask1,holdVol,riseFallValue,fundingRate,zone,riseFallRates,riseFallRatesOfTimezone
1730031244110,BTC_USDT,67165,0.0044,67165,67188.4,238294433,1597535972.62484,73907.2,60469.5,66708,67438.7,67164.9,67165,74933087,300.7,0.0001,UTC+8,"[0.0044, -0.0152, 0.0301, -0.0067, 0.0659, 0.9748]","[0.0008, 0.0013, 0.0044]"
1730031246094,BTC_USDT,67165,0.0044,67164.9,67188.4,238295031,1597539986.40036,73907.2,60469.5,66708,67438.7,67164.9,67165,74934536,300.7,0.0001,UTC+8,"[0.0044, -0.0152, 0.0301, -0.0067, 0.0659, 0.9748]","[0.0008, 0.0013, 0.0044]"
1730031249096,BTC_USDT,67165,0.0044,67165,67188.4,238296496,1597549830.10048,73907.2,60469.5,66708,67438.7,67164.9,67165,75314603,300.7,0.0001,UTC+8,"[0.0044, -0.0152, 0.0301, -0.0067, 0.0659, 0.9748]","[0.0008, 0.0013, 0.0044]"
1730031251098,BTC_USDT,67164.9,0.0044,67164.9,67188.3,238303278,1597595378.69516,73907.1,60469.4,66708,67438.7,67164.9,67165,75321041,300.6,0.0001,UTC+8,"[0.0044, -0.0152, 0.0301, -0.0067, 0.0659, 0.9748]","[0.0008, 0.0013, 0.0044]"
1730031253102,BTC_USDT,67165,0.0044,67164.9,67188.3,238311294,1597649218.15912,73907.1,60469.4,66708,67438.7,67164.9,67165,74890615,300.7,0.0001,UTC+8,"[0.0044, -0.0152, 0.0301, -0.0067, 0.0659, 0.9748]","[0.0008, 0.0013, 0.0044]"
1730031255098,BTC_USDT,67165,0.0044,67164.9,67188.3,238311475,1597650432.50227,73907.1,60469.4,66708,67438.7,67164.9,67165,74891514,300.7,0.0001,UTC+8,"[0.0044, -0.0152, 0.0301, -0.0067, 0.0659, 0.9748]","[0.0008, 0.0013, 0.0044]"
1730031257100,BTC_USDT,67164.9,0.0044,67165,67188.2,238312238,1597655558.5296,73907.0,60469.3,66708,67438.7,67164.9,67165,75343022,300.6,0.0001,UTC+8,"[0.0044, -0.0152, 0.0301, -0.0067, 0.0659, 0.9748]","[0.0008, 0.0013, 0.0044]"
1730031260101,BTC_USDT,67165,0.0044,67165,67188.3,238314569,1597671216.03435,73907.1,60469.4,66708,67438.7,67164.9,67165,74892954,300.7,0.0001,UTC+8,"[0.0044, -0.0152, 0.0301, -0.0067, 0.0659, 0.9748]","[0.0008, 0.0013, 0.0044]"
1730031262107,BTC_USDT,67164.9,0.0044,67165,67188.2,238314588,1597671339.61777,73907.0,60469.3,66708,67438.7,67164.9,67165,74892954,300.6,0.0001,UTC+8,"[0.0044, -0.0152, 0.0301, -0.0067, 0.0659, 0.9748]","[0.0008, 0.0013, 0.0044]"
1730031264091,BTC_USDT,67163.3,0.0044,67164.3,67188.2,238317344,1597689849.82849,73907.0,60469.3,66708,67438.7,67163.2,67163.3,75349830,299.0,0.0001,UTC+8,"[0.0044, -0.0152, 0.0301, -0.0068, 0.0658, 0.9747]","[0.0007, 0.0013, 0.0044]"
1730031266089,BTC_USDT,67162.6,0.0044,67164.2,67188.2,238317444,1597690526.82761,73907.0,60469.3,66708,67438.7,67162.6,67162.7,75349858,298.3,0.0001,UTC+8,"[0.0044, -0.0153, 0.0301, -0.0068, 0.0658, 0.9747]","[0.0007, 0.0013, 0.0044]"
1730031268101,BTC_USDT,67162.7,0.0044,67164.2,67188.2,238319137,1597701896.11441,73907.0,60469.3,66708,67438.7,67162.6,67162.7,75353579,298.4,0.0001,UTC+8,"[0.0044, -0.0153, 0.0301, -0.0068, 0.0658, 0.9747]","[0.0007, 0.0013, 0.0044]"
1730031271106,BTC_USDT,67162.7,0.0044,67164.2,67188.2,238319555,1597704700.82873,73907.0,60469.3,66708,67438.7,67162.6,67162.7,74974687,298.4,0.0001,UTC+8,"[0.0044, -0.0153, 0.0301, -0.0068, 0.0658, 0.9747]","[0.0007, 0.0013, 0.0044]"
1730031273124,BTC_USDT,67162.6,0.0044,67164.2,67188.2,238319634,1597705232.75723,73907.0,60469.3,66708,67438.7,67162.6,67162.7,75353587,298.3,0.0001,UTC+8,"[0.0044, -0.0153, 0.0301, -0.0068, 0.0658, 0.9747]","[0.0007, 0.0013, 0.0044]"
1730031275096,BTC_USDT,67162.6,0.0044,67164.2,67188.2,238319818,1597706468.54908,73907.0,60469.3,66708,67438.7,67162.6,67162.7,75354026,298.3,0.0001,UTC+8,"[0.0044, -0.0153, 0.0301, -0.0068, 0.0658, 0.9747]","[0.0007, 0.0013, 0.0044]"
1730031277090,BTC_USDT,67162.7,0.0044,67164.2,67188.2,238328943,1597767753.07913,73907.0,60469.3,66708,67438.7,67162.6,67162.7,75354207,298.4,0.0001,UTC+8,"[0.0044, -0.0153, 0.0301, -0.0068, 0.0658, 0.9747]","[0.0007, 0.0013, 0.0044]"
1730031279082,BTC_USDT,67162.7,0.0044,67164.2,67188.2,238329640,1597772432.96912,73907.0,60469.3,66708,67438.7,67162.6,67162.7,74868754,298.4,0.0001,UTC+8,"[0.0044, -0.0153, 0.0301, -0.0068, 0.0658, 0.9747]","[0.0007, 0.0013, 0.0044]"
1730031282100,BTC_USDT,67162.6,0.0044,67164.2,67188.2,238334252,1597803413.73333,73907.0,60469.3,66708,67438.7,67162.6,67162.7,74880082,298.3,0.0001,UTC+8,"[0.0044, -0.0153, 0.0301, -0.0068, 0.0658, 0.9747]","[0.0007, 0.0013, 0.0044]"
1730031284102,BTC_USDT,67162.6,0.0044,67164.2,67188.2,238334913,1597807851.84003,73907.0,60469.3,66708,67438.7,67162.6,67162.7,75330400,298.3,0.0001,UTC+8,"[0.0044, -0.0153, 0.0301, -0.0068, 0.0658, 0.9747]","[0.0007, 0.0013, 0.0044]"
1730031286105,BTC_USDT,67162.6,0.0044,67164.2,67188.2,238340912,1597848138.66321,73907.0,60469.3,66708,67438.7,67162.6,67162.7,74883452,298.3,0.0001,UTC+8,"[0.0044, -0.0153, 0.0301, -0.0068, 0.0658, 0.9747]","[0.0007, 0.0013, 0.0044]"
1730031288101,BTC_USDT,67162.6,0.0044,67164.2,67188.2,238340932,1597848272.98844,73907.0,60469.3,66708,67438.7,67162.6,67162.7,75333578,298.3,0.0001,UTC+8,"[0.0044, -0.0153, 0.0301, -0.0068, 0.0658, 0.9747]","[0.0007, 0.0013, 0.0044]"
1730031290105,BTC_USDT,67162.7,0.0044,67164.2,67188.2,238341084,1597849299.23448,73907.0,60469.3,66708,67438.7,67162.6,67162.7,74883742,298.4,0.0001,UTC+8,"[0.0044, -0.0153, 0.0301, -0.0068, 0.0658, 0.9747]","[0.0007, 0.0013, 0.0044]"
1730031293105,BTC_USDT,67162.7,0.0044,67164.2,67188.2,238341098,1597849390.57567,73907.0,60469.3,66708,67438.7,67162.6,67162.7,74883742,298.4,0.0001,UTC+8,"[0.0044, -0.0153, 0.0301, -0.0068, 0.0658, 0.9747]","[0.0007, 0.0013, 0.0044]"
1730031295105,BTC_USDT,67162.7,0.0044,67164.2,67188.2,238341520,1597852227.52399,73907.0,60469.3,66708,67438.7,67162.6,67162.7,74883744,298.4,0.0001,UTC+8,"[0.0044, -0.0153, 0.0301, -0.0068, 0.0658, 0.9747]","[0.0007, 0.0013, 0.0044]"
1730031297095,BTC_USDT,67162.6,0.0044,67164.2,67188.2,238341672,1597853248.39567,73907.0,60469.3,66708,67438.7,67162.6,67162.7,74883675,298.3,0.0001,UTC+8,"[0.0044, -0.0153, 0.0301, -0.0068, 0.0658, 0.9747]","[0.0007, 0.0013, 0.0044]"
1730031299090,BTC_USDT,67162.6,0.0044,67164.2,67188.2,238342230,1597856993.38277,73907.0,60469.3,66708,67438.7,67162.6,67162.7,74953789,298.3,0.0001,UTC+8,"[0.0044, -0.0153, 0.0301, -0.0068, 0.0658, 0.9747]","[0.0007, 0.0013, 0.0044]"
1730031301098,BTC_USDT,67162.6,0.0044,67164.2,67188.2,238342280,1597857331.88232,73907.0,60469.3,66708,67438.7,67162.6,67162.7,74953783,298.3,0.0001,UTC+8,"[0.0044, -0.0153, 0.0301, -0.0068, 0.0658, 0.9747]","[0.0007, 0.0013, 0.0044]"
1730031304134,BTC_USDT,67162.7,0.0044,67164.5,67188.5,238344512,1597872317.20389,73907.3,60469.6,66708,67438.7,67164.9,67165,75336355,298.4,0.0001,UTC+8,"[0.0044, -0.0153, 0.0301, -0.0068, 0.0658, 0.9747]","[0.0007, 0.0013, 0.0044]"
1730031306091,BTC_USDT,67165,0.0044,67165,67188.5,238357360,1597958610.32744,73907.3,60469.6,66708,67438.7,67164.9,67165,74957308,300.7,0.0001,UTC+8,"[0.0044, -0.0152, 0.0301, -0.0067, 0.0659, 0.9748]","[0.0008, 0.0013, 0.0044]"
1730031308098,BTC_USDT,67164.9,0.0044,67164.9,67188.5,238357448,1597959201.37869,73907.3,60469.6,66708,67438.7,67164.9,67165,74886082,300.6,0.0001,UTC+8,"[0.0044, -0.0152, 0.0301, -0.0067, 0.0659, 0.9748]","[0.0008, 0.0013, 0.0044]"
1730031310100,BTC_USDT,67165,0.0044,67165,67188.5,238361079,1597983590.333,73907.3,60469.6,66708,67438.7,67164.9,67165,74957430,300.7,0.0001,UTC+8,"[0.0044, -0.0152, 0.0301, -0.0067, 0.0659, 0.9748]","[0.0008, 0.0013, 0.0044]"
1730031313106,BTC_USDT,67164.9,0.0044,67164.9,67188.5,238361231,1597984611.24094,73907.3,60469.6,66708,67438.7,67164.9,67165,74957432,300.6,0.0001,UTC+8,"[0.0044, -0.0152, 0.0301, -0.0067, 0.0659, 0.9748]","[0.0008, 0.0013, 0.0044]"
1730031315113,BTC_USDT,67164.9,0.0044,67165,67188.5,238361242,1597984686.4657,73907.3,60469.6,66708,67438.7,67164.9,67165,74823141,300.6,0.0001,UTC+8,"[0.0044, -0.0152, 0.0301, -0.0067, 0.0659, 0.9748]","[0.0008, 0.0013, 0.0044]"
1730031317097,BTC_USDT,67164.9,0.0044,67165,67188.5,238361261,1597984815.42244,73907.3,60469.6,66708,67438.7,67164.9,67165,74823535,300.6,0.0001,UTC+8,"[0.0044, -0.0152, 0.0301, -0.0067, 0.0659, 0.9748]","[0.0008, 0.0013, 0.0044]"
1730031319094,BTC_USDT,67164.9,0.0044,67165,67188.5,238361448,1597986072.75105,73907.3,60469.6,66708,67438.7,67164.9,67165,74897144,300.6,0.0001,UTC+8,"[0.0044, -0.0152, 0.0301, -0.0067, 0.0659, 0.9748]","[0.0008, 0.0013, 0.0044]"
1730031321098,BTC_USDT,67164.9,0.0044,67164.9,67188.5,238369080,1598037333.0252,73907.3,60469.6,66708,67438.7,67164.9,67165,74827498,300.6,0.0001,UTC+8,"[0.0044, -0.0152, 0.0301, -0.0067, 0.0659, 0.9748]","[0.0008, 0.0013, 0.0044]"
1730031324091,BTC_USDT,67176.3,0.0046,67181.4,67198.8,238423964,1598406009.95768,73918.6,60478.9,66708,67438.7,67177.2,67177.3,75278735,312.0,0.0001,UTC+8,"[0.0046, -0.0151, 0.0303, -0.0066, 0.066, 0.9751]","[0.0009, 0.0015, 0.0046]"
1730031326093,BTC_USDT,67177.2,0.0046,67177.2,67198.8,238460309,1598650182.59408,73918.6,60478.9,66708,67438.7,67177.2,67177.3,75279267,312.9,0.0001,UTC+8,"[0.0046, -0.015, 0.0303, -0.0066, 0.0661, 0.9751]","[0.0009, 0.0015, 0.0046]"
1730031328098,BTC_USDT,67177.3,0.0046,67177.3,67199.4,238460621,1598652278.52544,73919.3,60479.4,66708,67438.7,67177.2,67177.3,74829141,313.0,0.0001,UTC+8,"[0.0046, -0.015, 0.0303, -0.0066, 0.0661, 0.9751]","[0.001, 0.0015, 0.0046]"
1730031330098,BTC_USDT,67177.2,0.0046,67177.2,67199.4,238468125,1598702688.32108,73919.3,60479.4,66708,67438.7,67177.2,67177.3,75226648,312.9,0.0001,UTC+8,"[0.0046, -0.015, 0.0303, -0.0066, 0.0661, 0.9751]","[0.0009, 0.0015, 0.0046]"
1730031332098,BTC_USDT,67177.2,0.0046,67177.3,67199.5,238469446,1598711561.09845,73919.4,60479.5,66708,67438.7,67177.2,67177.3,75229800,312.9,0.0001,UTC+8,"[0.0046, -0.015, 0.0303, -0.0066, 0.0661, 0.9751]","[0.0009, 0.0015, 0.0046]"
1730031335131,BTC_USDT,67177.2,0.0046,67177.2,67199.5,238471164,1598723104.83944,73919.4,60479.5,66708,67438.7,67177.2,67177.3,74781846,312.9,0.0001,UTC+8,"[0.0046, -0.015, 0.0303, -0.0066, 0.0661, 0.9751]","[0.0009, 0.0015, 0.0046]"
1730031337094,BTC_USDT,67177.3,0.0046,67177.3,67199.5,238471647,1598726345.46935,73919.4,60479.5,66708,67438.7,67177.2,67177.3,74782226,313.0,0.0001,UTC+8,"[0.0046, -0.015, 0.0303, -0.0066, 0.0661, 0.9751]","[0.001, 0.0015, 0.0046]"
1730031339097,BTC_USDT,67177.2,0.0046,67177.3,67199.5,238471732,1598726915.13215,73919.4,60479.5,66708,67438.7,67177.2,67177.3,74782364,312.9,0.0001,UTC+8,"[0.0046, -0.015, 0.0303, -0.0066, 0.0661, 0.9751]","[0.0009, 0.0015, 0.0046]"
1730031341094,BTC_USDT,67177.3,0.0046,67177.3,67199.4,238471776,1598727210.71226,73919.3,60479.4,66708,67438.7,67177.2,67177.3,74785303,313.0,0.0001,UTC+8,"[0.0046, -0.015, 0.0303, -0.0066, 0.0661, 0.9751]","[0.001, 0.0015, 0.0046]"
1730031343103,BTC_USDT,67177.3,0.0046,67177.3,67199.4,238474144,1598743118.28671,73919.3,60479.4,66708,67438.7,67177.2,67177.3,74785685,313.0,0.0001,UTC+8,"[0.0046, -0.015, 0.0303, -0.0066, 0.0661, 0.9751]","[0.001, 0.0015, 0.0046]"
1730031346108,BTC_USDT,67178.9,0.0047,67178.9,67199.5,238496225,1598891460.1482,73919.4,60479.5,66708,67438.7,67178.9,67179,74786272,314.6,0.0001,UTC+8,"[0.0047, -0.015, 0.0303, -0.0065, 0.0661, 0.9752]","[0.001, 0.0015, 0.0047]"
1730031348099,BTC_USDT,67179,0.0047,67179,67199.5,238496510,1598893373.40608,73919.4,60479.5,66708,67438.7,67178.9,67179,74786913,314.7,0.0001,UTC+8,"[0.0047, -0.015, 0.0303, -0.0065, 0.0661, 0.9752]","[0.001, 0.0015, 0.0047]"
1730031350104,BTC_USDT,67181.3,0.0047,67181.3,67199.7,238505207,1598951799.57262,73919.6,60479.7,66708,67438.7,67181.3,67181.4,74774429,317.0,0.0001,UTC+8,"[0.0047, -0.015, 0.0303, -0.0065, 0.0661, 0.9752]","[0.001, 0.0016, 0.0047]"
1730031352102,BTC_USDT,67181.4,0.0047,67181.3,67204.9,238507434,1598966762.21373,73925.3,60484.4,66708,67438.7,67181.3,67181.4,74778788,317.1,0.0001,UTC+8,"[0.0047, -0.015, 0.0303, -0.0065, 0.0661, 0.9752]","[0.001, 0.0016, 0.0047]"
1730031355104,BTC_USDT,67181.3,0.0047,67181.3,67204.9,238509720,1598982117.18906,73925.3,60484.4,66708,67438.7,67181.3,67181.4,74780063,317.0,0.0001,UTC+8,"[0.0047, -0.015, 0.0303, -0.0065, 0.0661, 0.9752]","[0.001, 0.0016, 0.0047]"
1730031357091,BTC_USDT,67183.1,0.0047,67183.2,67205.0,238511831,1598996300.76756,73925.5,60484.5,66708,67438.7,67183.1,67183.2,74852490,318.8,0.0001,UTC+8,"[0.0047, -0.015, 0.0304, -0.0065, 0.0661, 0.9753]","[0.001, 0.0016, 0.0047]"
1730031359095,BTC_USDT,67183.3,0.0047,67183.4,67205.1,238512237,1598999031.0889,73925.6,60484.5,66708,67438.7,67183.3,67183.4,74788077,319.0,0.0001,UTC+8,"[0.0047, -0.015, 0.0304, -0.0065, 0.0661, 0.9753]","[0.001, 0.0016, 0.0047]"
1730031361096,BTC_USDT,67183.4,0.0047,67183.3,67205.1,238514989,1599017519.95892,73925.6,60484.5,66708,67438.7,67183.3,67183.4,74788922,319.1,0.0001,UTC+8,"[0.0047, -0.015, 0.0304, -0.0065, 0.0662, 0.9753]","[0.001, 0.0016, 0.0047]"
1730031363097,BTC_USDT,67183.3,0.0047,67183.3,67205.1,238515412,1599020363.15752,73925.6,60484.5,66708,67438.7,67183.3,67183.4,75239951,319.0,0.0001,UTC+8,"[0.0047, -0.015, 0.0304, -0.0065, 0.0661, 0.9753]","[0.001, 0.0016, 0.0047]"
1730031366103,BTC_USDT,67183.3,0.0047,67183.3,67205.1,238516396,1599026968.61988,73925.6,60484.5,66708,67438.7,67183.3,67183.4,74792188,319.0,0.0001,UTC+8,"[0.0047, -0.015, 0.0304, -0.0065, 0.0661, 0.9753]","[0.001, 0.0016, 0.0047]"
1730031368091,BTC_USDT,67183.4,0.0047,67183.3,67205.1,238516531,1599027876.93914,73925.6,60484.5,66708,67438.7,67183.3,67183.4,75242646,319.1,0.0001,UTC+8,"[0.0047, -0.015, 0.0304, -0.0065, 0.0662, 0.9753]","[0.001, 0.0016, 0.0047]"
1730031370100,BTC_USDT,67183.3,0.0047,67183.3,67205.1,238516957,1599030741.63532,73925.6,60484.5,66708,67438.7,67183.3,67183.4,75243369,319.0,0.0001,UTC+8,"[0.0047, -0.015, 0.0304, -0.0065, 0.0661, 0.9753]","[0.001, 0.0016, 0.0047]"
1730031372098,BTC_USDT,67183.4,0.0047,67183.4,67205.1,238524964,1599084531.35264,73925.6,60484.5,66708,67438.7,67183.3,67183.4,75243383,319.1,0.0001,UTC+8,"[0.0047, -0.015, 0.0304, -0.0065, 0.0662, 0.9753]","[0.001, 0.0016, 0.0047]"
1730031375108,BTC_USDT,67183.3,0.0047,67183.3,67205.1,238525200,1599086116.87858,73925.6,60484.5,66708,67438.7,67183.3,67183.4,75243893,319.0,0.0001,UTC+8,"[0.0047, -0.015, 0.0304, -0.0065, 0.0661, 0.9753]","[0.001, 0.0016, 0.0047]"
1730031377103,BTC_USDT,67183.3,0.0047,67183.3,67205.1,238526092,1599092115.00541,73925.6,60484.5,66708,67438.7,67183.3,67183.4,75244581,319.0,0.0001,UTC+8,"[0.0047, -0.015, 0.0304, -0.0065, 0.0661, 0.9753]","[0.001, 0.0016, 0.0047]"
1730031379092,BTC_USDT,67183.3,0.0047,67183.4,67205.4,238527118,1599099005.33244,73925.9,60484.8,66708,67438.7,67183.3,67183.4,75245211,319.0,0.0001,UTC+8,"[0.0047, -0.015, 0.0304, -0.0065, 0.0661, 0.9753]","[0.001, 0.0016, 0.0047]"
1730031381096,BTC_USDT,67183.3,0.0047,67183.3,67205.4,238527794,1599103546.93019,73925.9,60484.8,66708,67438.7,67183.3,67183.4,75246076,319.0,0.0001,UTC+8,"[0.0047, -0.015, 0.0304, -0.0065, 0.0661, 0.9753]","[0.001, 0.0016, 0.0047]"
1730031383097,BTC_USDT,67183.4,0.0047,67183.4,67205.4,238528077,1599105449.56404,73925.9,60484.8,66708,67438.7,67183.3,67183.4,75246582,319.1,0.0001,UTC+8,"[0.0047, -0.015, 0.0304, -0.0065, 0.0662, 0.9753]","[0.001, 0.0016, 0.0047]"
1730031386089,BTC_USDT,67183.4,0.0047,67183.4,67205.4,238529014,1599111743.30067,73925.9,60484.8,66708,67438.7,67183.3,67183.4,74797444,319.1,0.0001,UTC+8,"[0.0047, -0.015, 0.0304, -0.0065, 0.0662, 0.9753]","[0.001, 0.0016, 0.0047]"
1730031388088,BTC_USDT,67183.3,0.0047,67183.4,67205.7,238533907,1599144614.7458,73926.2,60485.1,66708,67438.7,67183.3,67183.4,74809331,319.0,0.0001,UTC+8,"[0.0047, -0.015, 0.0304, -0.0065, 0.0661, 0.9753]","[0.001, 0.0016, 0.0047]"
1730031390108,BTC_USDT,67183.4,0.0047,67183.2,67205.8,238662901,1600011241.60228,73926.3,60485.2,66708,67438.7,67183.3,67183.4,75383338,319.1,0.0001,UTC+8,"[0.0047, -0.015, 0.0304, -0.0065, 0.0662, 0.9753]","[0.001, 0.0016, 0.0047]"
1730031392098,BTC_USDT,67183.4,0.0047,67183.4,67205.8,238726169,1600436297.50148,73926.3,60485.2,66708,67438.7,67183.3,67183.4,75025298,319.1,0.0001,UTC+8,"[0.0047, -0.015, 0.0304, -0.0065, 0.0662, 0.9753]","[0.001, 0.0016, 0.0047]"
1730031395102,BTC_USDT,67183.3,0.0047,67183.4,67205.8,238729560,1600459080.70538,73926.3,60485.2,66708,67438.7,67183.3,67183.4,75033515,319.0,0.0001,UTC+8,"[0.0047, -0.015, 0.0304, -0.0065, 0.0661, 0.9753]","[0.001, 0.0016, 0.0047]"
1730031397105,BTC_USDT,67183.3,0.0047,67183.4,67205.8,238729628,1600459537.55204,73926.3,60485.2,66708,67438.7,67183.3,67183.4,74610288,319.0,0.0001,UTC+8,"[0.0047, -0.015, 0.0304, -0.0065, 0.0661, 0.9753]","[0.001, 0.0016, 0.0047]"
1730031399088,BTC_USDT,67183.4,0.0047,67183.4,67205.8,238730770,1600467207.20516,73926.3,60485.2,66708,67438.7,67183.3,67183.4,74686125,319.1,0.0001,UTC+8,"[0.0047, -0.015, 0.0304, -0.0065, 0.0662, 0.9753]","[0.001, 0.0016, 0.0047]"
1730031401101,BTC_USDT,67183.4,0.0047,67183.3,67205.8,238739638,1600526785.43616,73926.3,60485.2,66708,67438.7,67183.3,67183.4,75084826,319.1,0.0001,UTC+8,"[0.0047, -0.015, 0.0304, -0.0065, 0.0662, 0.9753]","[0.001, 0.0016, 0.0047]"
1730031403102,BTC_USDT,67183.4,0.0047,67183.3,67205.8,238741493,1600539249.28251,73926.3,60485.2,66708,67438.7,67183.3,67183.4,74641658,319.1,0.0001,UTC+8,"[0.0047, -0.015, 0.0304, -0.0065, 0.0662, 0.9753]","[0.001, 0.0016, 0.0047]"
1730031406100,BTC_USDT,67183.4,0.0047,67183.4,67205.8,238742902,1600548714.07652,73926.3,60485.2,66708,67438.7,67183.3,67183.4,74642502,319.1,0.0001,UTC+8,"[0.0047, -0.015, 0.0304, -0.0065, 0.0662, 0.9753]","[0.001, 0.0016, 0.0047]"
1730031408100,BTC_USDT,67183.3,0.0047,67183.3,67205.8,238743901,1600555427.03356,73926.3,60485.2,66708,67438.7,67183.3,67183.4,75092773,319.0,0.0001,UTC+8,"[0.0047, -0.015, 0.0304, -0.0065, 0.0661, 0.9753]","[0.001, 0.0016, 0.0047]"
1730031410103,BTC_USDT,67183.4,0.0047,67183.4,67205.8,238743961,1600555830.13386,73926.3,60485.2,66708,67438.7,67183.3,67183.4,75094276,319.1,0.0001,UTC+8,"[0.0047, -0.015, 0.0304, -0.0065, 0.0662, 0.9753]","[0.001, 0.0016, 0.0047]"
1730031412102,BTC_USDT,67183.3,0.0047,67183.3,67205.8,238746196,1600570846.95338,73926.3,60485.2,66708,67438.7,67183.3,67183.4,74647795,319.0,0.0001,UTC+8,"[0.0047, -0.015, 0.0304, -0.0065, 0.0661, 0.9753]","[0.001, 0.0016, 0.0047]"
1730031414082,BTC_USDT,67183.3,0.0047,67183.3,67205.8,238746816,1600575012.31801,73926.3,60485.2,66708,67438.7,67183.3,67183.4,74649083,319.0,0.0001,UTC+8,"[0.0047, -0.015, 0.0304, -0.0065, 0.0661, 0.9753]","[0.001, 0.0016, 0.0047]"
1730031417097,BTC_USDT,67183.4,0.0047,67183.4,67205.8,238746883,1600575458.41567,73926.3,60485.2,66708,67438.7,67183.3,67183.4,74649204,319.1,0.0001,UTC+8,"[0.0047, -0.015, 0.0304, -0.0065, 0.0662, 0.9753]","[0.001, 0.0016, 0.0047]"
1730031419089,BTC_USDT,67183.3,0.0047,67183.3,67205.8,238747051,1600576587.09638,73926.3,60485.2,66708,67438.7,67183.3,67183.4,74649562,319.0,0.0001,UTC+8,"[0.0047, -0.015, 0.0304, -0.0065, 0.0661, 0.9753]","[0.001, 0.0016, 0.0047]"
1730031421091,BTC_USDT,67183.4,0.0047,67183.4,67205.8,238747666,1600580720.21904,73926.3,60485.2,66708,67438.7,67183.3,67183.4,75100493,319.1,0.0001,UTC+8,"[0.0047, -0.015, 0.0304, -0.0065, 0.0662, 0.9753]","[0.001, 0.0016, 0.0047]"
1730031423098,BTC_USDT,67183.3,0.0047,67183.4,67205.8,238747800,1600581617.78795,73926.3,60485.2,66708,67438.7,67183.3,67183.4,75100708,319.0,0.0001,UTC+8,"[0.0047, -0.015, 0.0304, -0.0065, 0.0661, 0.9753]","[0.001, 0.0016, 0.0047]"
1730031426101,BTC_USDT,67183.4,0.0047,67183.4,67205.7,238747823,1600581773.65327,73926.2,60485.1,66708,67438.7,67183.3,67183.4,74650583,319.1,0.0001,UTC+8,"[0.0047, -0.015, 0.0304, -0.0065, 0.0662, 0.9753]","[0.001, 0.0016, 0.0047]"
1730031428093,BTC_USDT,67183.4,0.0047,67183.3,67205.7,238773444,1600753902.875,73926.2,60485.1,66708,67438.7,67183.9,67184,75163852,319.1,0.0001,UTC+8,"[0.0047, -0.015, 0.0304, -0.0065, 0.0662, 0.9753]","[0.001, 0.0016, 0.0047]"
1730031430096,BTC_USDT,67184,0.0047,67184,67205.7,238775089,1600764958.64921,73926.2,60485.1,66708,67438.7,67183.9,67184,74713664,319.7,0.0001,UTC+8,"[0.0047, -0.0149, 0.0304, -0.0065, 0.0662, 0.9753]","[0.0011, 0.0016, 0.0047]"
1730031432094,BTC_USDT,67184,0.0047,67184,67205.7,238775120,1600765162.88832,73926.2,60485.1,66708,67438.7,67183.9,67184,74784889,319.7,0.0001,UTC+8,"[0.0047, -0.0149, 0.0304, -0.0065, 0.0662, 0.9753]","[0.0011, 0.0016, 0.0047]"
1730031434105,BTC_USDT,67184,0.0047,67183.9,67205.7,238775148,1600765356.37808,73926.2,60485.1,66708,67438.7,67183.9,67184,75088053,319.7,0.0001,UTC+8,"[0.0047, -0.0149, 0.0304, -0.0065, 0.0662, 0.9753]","[0.0011, 0.0016, 0.0047]"
1730031437099,BTC_USDT,67183.9,0.0047,67184,67205.7,238776869,1600776917.40074,73926.2,60485.1,66708,67438.7,67183.9,67184,75088106,319.6,0.0001,UTC+8,"[0.0047, -0.0149, 0.0304, -0.0065, 0.0662, 0.9753]","[0.001, 0.0016, 0.0047]"
1730031439108,BTC_USDT,67183.9,0.0047,67183.9,67205.7,238777246,1600779448.89372,73926.2,60485.1,66708,67438.7,67183.9,67184,74638859,319.6,0.0001,UTC+8,"[0.0047, -0.0149, 0.0304, -0.0065, 0.0662, 0.9753]","[0.001, 0.0016, 0.0047]"
1730031441102,BTC_USDT,67183.9,0.0047,67184,67205.7,238779640,1600795530.03211,73926.2,60485.1,66708,67438.7,67183.9,67184,74715935,319.6,0.0001,UTC+8,"[0.0047, -0.0149, 0.0304, -0.0065, 0.0662, 0.9753]","[0.001, 0.0016, 0.0047]"
1730031443099,BTC_USDT,67184,0.0047,67183.9,67205.7,238779647,1600795578.40458,73926.2,60485.1,66708,67438.7,67183.9,67184,74644710,319.7,0.0001,UTC+8,"[0.0047, -0.0149, 0.0304, -0.0065, 0.0662, 0.9753]","[0.0011, 0.0016, 0.0047]"
1730031445102,BTC_USDT,67184,0.0047,67183.9,67205.7,238844183,1601229156.42167,73926.2,60485.1,66708,67438.7,67183.9,67184,75094975,319.7,0.0001,UTC+8,"[0.0047, -0.0149, 0.0304, -0.0065, 0.0662, 0.9753]","[0.0011, 0.0016, 0.0047]"
1730031448096,BTC_USDT,67183.9,0.0047,67184,67205.7,238844269,1601229736.89122,73926.2,60485.1,66708,67438.7,67183.9,67184,74644850,319.6,0.0001,UTC+8,"[0.0047, -0.0149, 0.0304, -0.0065, 0.0662, 0.9753]","[0.001, 0.0016, 0.0047]"
1730031450096,BTC_USDT,67183.9,0.0047,67184,67205.7,238844292,1601229892.75793,73926.2,60485.1,66708,67438.7,67183.9,67184,75094975,319.6,0.0001,UTC+8,"[0.0047, -0.0149, 0.0304, -0.0065, 0.0662, 0.9753]","[0.001, 0.0016, 0.0047]"
1730031452103,BTC_USDT,67184,0.0047,67184,67205.7,238844324,1601230107.74668,73926.2,60485.1,66708,67438.7,67183.9,67184,75094938,319.7,0.0001,UTC+8,"[0.0047, -0.0149, 0.0304, -0.0065, 0.0662, 0.9753]","[0.0011, 0.0016, 0.0047]"
1730031454101,BTC_USDT,67183.9,0.0047,67183.9,67205.7,238846728,1601246253.40553,73926.2,60485.1,66708,67438.7,67183.9,67184,74930132,319.6,0.0001,UTC+8,"[0.0047, -0.0149, 0.0304, -0.0065, 0.0662, 0.9753]","[0.001, 0.0016, 0.0047]"
1730031456090,BTC_USDT,67184,0.0047,67184,67205.7,238849963,1601267988.76979,73926.2,60485.1,66708,67438.7,67183.9,67184,74488322,319.7,0.0001,UTC+8,"[0.0047, -0.0149, 0.0304, -0.0065, 0.0662, 0.9753]","[0.0011, 0.0016, 0.0047]"
1730031459093,BTC_USDT,67184,0.0047,67184,67205.7,238868254,1601390876.33876,73926.2,60485.1,66708,67438.7,67183.9,67184,74969457,319.7,0.0001,UTC+8,"[0.0047, -0.0149, 0.0304, -0.0065, 0.0662, 0.9753]","[0.0011, 0.0016, 0.0047]"
1730031461099,BTC_USDT,67184,0.0047,67184,67205.7,238869075,1601396390.79337,73926.2,60485.1,66708,67438.7,67183.9,67184,74971427,319.7,0.0001,UTC+8,"[0.0047, -0.0149, 0.0304, -0.0065, 0.0662, 0.9753]","[0.0011, 0.0016, 0.0047]"
1730031463107,BTC_USDT,67183.9,0.0047,67184,67205.7,238870413,1601405382.69148,73926.2,60485.1,66708,67438.7,67183.9,67184,74592523,319.6,0.0001,UTC+8,"[0.0047, -0.0149, 0.0304, -0.0065, 0.0662, 0.9753]","[0.001, 0.0016, 0.0047]"
1730031465104,BTC_USDT,67183.2,0.0047,67183.2,67205.6,238870764,1601407736.8078,73926.1,60485.0,66708,67438.7,67183.2,67183.3,74521652,318.9,0.0001,UTC+8,"[0.0047, -0.015, 0.0304, -0.0065, 0.0661, 0.9753]","[0.001, 0.0016, 0.0047]"
1730031468102,BTC_USDT,67181.6,0.0047,67183.3,67205.6,238875423,1601439038.19092,73926.1,60485.0,66708,67438.7,67181.6,67181.7,74523697,317.3,0.0001,UTC+8,"[0.0047, -0.015, 0.0303, -0.0065, 0.0661, 0.9753]","[0.001, 0.0016, 0.0047]"
1730031470100,BTC_USDT,67181.1,0.0047,67182.9,67205.6,238875532,1601439769.1212,73926.1,60485.0,66708,67438.7,67181.0,67181.1,74974053,316.8,0.0001,UTC+8,"[0.0047, -0.015, 0.0303, -0.0065, 0.0661, 0.9752]","[0.001, 0.0016, 0.0047]"
1730031472096,BTC_USDT,67178.7,0.0047,67182.7,67205.4,238877702,1601454349.77094,73925.9,60484.8,66708,67438.7,67175.5,67175.6,74529193,314.4,0.0001,UTC+8,"[0.0047, -0.015, 0.0303, -0.0065, 0.0661, 0.9752]","[0.001, 0.0015, 0.0047]"
1730031474097,BTC_USDT,67170.4,0.0045,67176.5,67199.2,238907592,1601655125.16117,73919.1,60479.2,66708,67438.7,67170.4,67170.5,74564159,306.1,0.0001,UTC+8,"[0.0045, -0.0151, 0.0302, -0.0067, 0.0659, 0.9749]","[0.0008, 0.0014, 0.0045]"
1730031476097,BTC_USDT,67170.4,0.0045,67175.5,67198.3,238973840,1602100115.62714,73918.1,60478.4,66708,67438.7,67170.4,67170.5,74635384,306.1,0.0001,UTC+8,"[0.0045, -0.0151, 0.0302, -0.0067, 0.0659, 0.9749]","[0.0008, 0.0014, 0.0045]"
1730031479089,BTC_USDT,67170.4,0.0045,67173.3,67196.2,238974660,1602105623.60007,73915.8,60476.5,66708,67438.7,67170.4,67170.5,74564159,306.1,0.0001,UTC+8,"[0.0045, -0.0151, 0.0302, -0.0067, 0.0659, 0.9749]","[0.0008, 0.0014, 0.0045]"
1730031481104,BTC_USDT,67170.3,0.0045,67173.3,67196.2,238975468,1602111056.34192,73915.8,60476.5,66708,67438.7,67170.3,67170.4,74564888,306.0,0.0001,UTC+8,"[0.0045, -0.0151, 0.0302, -0.0067, 0.0659, 0.9749]","[0.0008, 0.0014, 0.0045]"
1730031483092,BTC_USDT,67164,0.0044,67172,67194.9,238982681,1602159503.89868,73914.3,60475.4,66708,67438.7,67162.6,67162.7,75019359,299.7,0.0001,UTC+8,"[0.0044, -0.0152, 0.0301, -0.0068, 0.0658, 0.9747]","[0.0008, 0.0013, 0.0044]"
1730031485098,BTC_USDT,67161.6,0.0044,67166.5,67189.4,238983362,1602164076.26049,73908.3,60470.4,66708,67438.7,67161.6,67161.7,74569696,297.3,0.0001,UTC+8,"[0.0044, -0.0153, 0.03, -0.0068, 0.0658, 0.9747]","[0.0007, 0.0013, 0.0044]"
1730031488118,BTC_USDT,67161.6,0.0044,67166.7,67189.7,238983579,1602165532.32413,73908.6,60470.7,66708,67438.7,67161.6,67161.7,75019938,297.3,0.0001,UTC+8,"[0.0044, -0.0153, 0.03, -0.0068, 0.0658, 0.9747]","[0.0007, 0.0013, 0.0044]"
1730031490101,BTC_USDT,67164.1,0.0044,67166.8,67189.8,238985205,1602176455.67005,73908.7,60470.8,66708,67438.7,67167.5,67167.6,74744075,299.8,0.0001,UTC+8,"[0.0044, -0.0152, 0.0301, -0.0068, 0.0658, 0.9747]","[0.0008, 0.0013, 0.0044]"
1730031492104,BTC_USDT,67167.6,0.0045,67167.6,67190.0,238999960,1602275557.37324,73909.0,60471.0,66708,67438.7,67167.5,67167.6,74765497,303.3,0.0001,UTC+8,"[0.0045, -0.0152, 0.0301, -0.0067, 0.0659, 0.9748]","[0.0008, 0.0014, 0.0045]"
1730031494099,BTC_USDT,67167.5,0.0045,67167.5,67190.0,239000520,1602279324.13177,73909.0,60471.0,66708,67438.7,67167.5,67167.6,74766781,303.2,0.0001,UTC+8,"[0.0045, -0.0152, 0.0301, -0.0067, 0.0659, 0.9748]","[0.0008, 0.0014, 0.0045]"
1730031496099,BTC_USDT,67167.6,0.0045,67167.6,67190.0,239000533,1602279410.10627,73909.0,60471.0,66708,67438.7,67167.5,67167.6,74766781,303.3,0.0001,UTC+8,"[0.0045, -0.0152, 0.0301, -0.0067, 0.0659, 0.9748]","[0.0008, 0.0014, 0.0045]"
1730031499108,BTC_USDT,67167.6,0.0045,67167.6,67190.0,239006172,1602317287.23768,73909.0,60471.0,66708,67438.7,67167.6,67167.7,74400680,303.3,0.0001,UTC+8,"[0.0045, -0.0152, 0.0301, -0.0067, 0.0659, 0.9748]","[0.0008, 0.0014, 0.0045]"
1730031501101,BTC_USDT,67167.6,0.0045,67167.7,67190.0,239006183,1602317357.09206,73909.0,60471.0,66708,67438.7,67167.6,67167.7,74400680,303.3,0.0001,UTC+8,"[0.0045, -0.0152, 0.0301, -0.0067, 0.0659, 0.9748]","[0.0008, 0.0014, 0.0045]"
1730031503101,BTC_USDT,67175,0.0046,67174.9,67195.9,239028546,1602467572.10396,73915.4,60476.3,66708,67438.7,67174.9,67175,74402540,310.7,0.0001,UTC+8,"[0.0046, -0.0151, 0.0302, -0.0066, 0.066, 0.9751]","[0.0009, 0.0015, 0.0046]"
1730031505100,BTC_USDT,67175,0.0046,67174.9,67196.8,239028591,1602467873.04794,73916.4,60477.1,66708,67438.7,67174.9,67175,74781546,310.7,0.0001,UTC+8,"[0.0046, -0.0151, 0.0302, -0.0066, 0.066, 0.9751]","[0.0009, 0.0015, 0.0046]"
1730031507102,BTC_USDT,67175.3,0.0046,67176.5,67199.6,239029956,1602477046.46647,73919.5,60479.6,66708,67438.7,67177.0,67178.9,74781706,311.0,0.0001,UTC+8,"[0.0046, -0.0151, 0.0302, -0.0066, 0.066, 0.9751]","[0.0009, 0.0015, 0.0046]"
1730031510098,BTC_USDT,67178.9,0.0047,67178.9,67199.8,239042832,1602563545.99211,73919.7,60479.8,66708,67438.7,67178.8,67178.9,74425248,314.6,0.0001,UTC+8,"[0.0047, -0.015, 0.0303, -0.0065, 0.0661, 0.9752]","[0.001, 0.0015, 0.0047]"
1730031512089,BTC_USDT,67178.9,0.0047,67178.8,67199.8,239042887,1602563911.44492,73919.7,60479.8,66708,67438.7,67178.8,67178.9,74425248,314.6,0.0001,UTC+8,"[0.0047, -0.015, 0.0303, -0.0065, 0.0661, 0.9752]","[0.001, 0.0015, 0.0047]"
1730031514090,BTC_USDT,67178.8,0.0047,67178.9,67199.8,239046097,1602585478.55888,73919.7,60479.8,66708,67438.7,67178.8,67178.9,74721609,314.5,0.0001,UTC+8,"[0.0047, -0.015, 0.0303, -0.0065, 0.0661, 0.9752]","[0.001, 0.0015, 0.0047]"
1730031516095,BTC_USDT,67178.9,0.0047,67178.8,67199.8,239048794,1602603595.36445,73919.7,60479.8,66708,67438.7,67178.8,67178.9,74271484,314.6,0.0001,UTC+8,"[0.0047, -0.015, 0.0303, -0.0065, 0.0661, 0.9752]","[0.001, 0.0015, 0.0047]"
1730031519131,BTC_USDT,67178.8,0.0047,67178.9,67199.8,239050461,1602614795.429,73919.7,60479.8,66708,67438.7,67178.8,67178.9,74271403,314.5,0.0001,UTC+8,"[0.0047, -0.015, 0.0303, -0.0065, 0.0661, 0.9752]","[0.001, 0.0015, 0.0047]"
1730031521103,BTC_USDT,67178.9,0.0047,67178.9,67199.8,239050472,1602614870.66936,73919.7,60479.8,66708,67438.7,67178.8,67178.9,74271405,314.6,0.0001,UTC+8,"[0.0047, -0.015, 0.0303, -0.0065, 0.0661, 0.9752]","[0.001, 0.0015, 0.0047]"
1730031523103,BTC_USDT,67178.9,0.0047,67178.8,67199.8,239050615,1602615827.29682,73919.7,60479.8,66708,67438.7,67178.8,67178.9,74721826,314.6,0.0001,UTC+8,"[0.0047, -0.015, 0.0303, -0.0065, 0.0661, 0.9752]","[0.001, 0.0015, 0.0047]"
1730031525107,BTC_USDT,67178.8,0.0047,67178.8,67199.8,239052163,1602626226.57507,73919.7,60479.8,66708,67438.7,67178.8,67178.9,74346724,314.5,0.0001,UTC+8,"[0.0047, -0.015, 0.0303, -0.0065, 0.0661, 0.9752]","[0.001, 0.0015, 0.0047]"
1730031527100,BTC_USDT,67178.8,0.0047,67178.8,67199.8,239052189,1602626403.92714,73919.7,60479.8,66708,67438.7,67178.8,67178.9,74275526,314.5,0.0001,UTC+8,"[0.0047, -0.015, 0.0303, -0.0065, 0.0661, 0.9752]","[0.001, 0.0015, 0.0047]"
1730031530103,BTC_USDT,67178.9,0.0047,67178.8,67199.8,239054142,1602639522.61203,73919.7,60479.8,66708,67438.7,67178.8,67178.9,74277675,314.6,0.0001,UTC+8,"[0.0047, -0.015, 0.0303, -0.0065, 0.0661, 0.9752]","[0.001, 0.0015, 0.0047]"
1730031532105,BTC_USDT,67178.8,0.0047,67178.9,67199.8,239054632,1602642811.68969,73919.7,60479.8,66708,67438.7,67178.8,67178.9,74278857,314.5,0.0001,UTC+8,"[0.0047, -0.015, 0.0303, -0.0065, 0.0661, 0.9752]","[0.001, 0.0015, 0.0047]"
1730031534102,BTC_USDT,67178.8,0.0047,67178.8,67199.8,239054828,1602644128.39607,73919.7,60479.8,66708,67438.7,67178.8,67178.9,74278857,314.5,0.0001,UTC+8,"[0.0047, -0.015, 0.0303, -0.0065, 0.0661, 0.9752]","[0.001, 0.0015, 0.0047]"
1730031536092,BTC_USDT,67178.9,0.0047,67178.9,67199.8,239055266,1602647073.519,73919.7,60479.8,66708,67438.7,67178.8,67178.9,74728983,314.6,0.0001,UTC+8,"[0.0047, -0.015, 0.0303, -0.0065, 0.0661, 0.9752]","[0.001, 0.0015, 0.0047]"
1730031538090,BTC_USDT,67178.9,0.0047,67178.9,67199.8,239055394,1602647933.40783,73919.7,60479.8,66708,67438.7,67178.8,67178.9,74729288,314.6,0.0001,UTC+8,"[0.0047, -0.015, 0.0303, -0.0065, 0.0661, 0.9752]","[0.001, 0.0015, 0.0047]"
1730031541092,BTC_USDT,67178.8,0.0047,67178.9,67199.8,239055467,1602648422.46955,73919.7,60479.8,66708,67438.7,67178.8,67178.9,74279163,314.5,0.0001,UTC+8,"[0.0047, -0.015, 0.0303, -0.0065, 0.0661, 0.9752]","[0.001, 0.0015, 0.0047]"
1730031543108,BTC_USDT,67178.8,0.0047,67178.9,67199.8,239055498,1602648632.06756,73919.7,60479.8,66708,67438.7,67178.8,67178.9,74279163,314.5,0.0001,UTC+8,"[0.0047, -0.015, 0.0303, -0.0065, 0.0661, 0.9752]","[0.001, 0.0015, 0.0047]"
1730031545099,BTC_USDT,67178.8,0.0047,67178.9,67199.8,239055839,1602650921.52119,73919.7,60479.8,66708,67438.7,67178.8,67178.9,74729288,314.5,0.0001,UTC+8,"[0.0047, -0.015, 0.0303, -0.0065, 0.0661, 0.9752]","[0.001, 0.0015, 0.0047]"
1730031547100,BTC_USDT,67178.8,0.0047,67178.8,67199.8,239063523,1602702541.71116,73919.7,60479.8,66708,67438.7,67178.8,67178.9,74279163,314.5,0.0001,UTC+8,"[0.0047, -0.015, 0.0303, -0.0065, 0.0661, 0.9752]","[0.001, 0.0015, 0.0047]"
1730031550099,BTC_USDT,67178.9,0.0047,67178.8,67199.8,239065363,1602714902.62454,73919.7,60479.8,66708,67438.7,67178.8,67178.9,74730297,314.6,0.0001,UTC+8,"[0.0047, -0.015, 0.0303, -0.0065, 0.0661, 0.9752]","[0.001, 0.0015, 0.0047]"
1730031552086,BTC_USDT,67178.9,0.0047,67178.8,67199.8,239065386,1602715058.47943,73919.7,60479.8,66708,67438.7,67178.8,67178.9,74730297,314.6,0.0001,UTC+8,"[0.0047, -0.015, 0.0303, -0.0065, 0.0661, 0.9752]","[0.001, 0.0015, 0.0047]"
1730031554085,BTC_USDT,67178.8,0.0047,67178.9,67199.8,239065416,1602715262.70309,73919.7,60479.8,66708,67438.7,67178.8,67178.9,74351409,314.5,0.0001,UTC+8,"[0.0047, -0.015, 0.0303, -0.0065, 0.0661, 0.9752]","[0.001, 0.0015, 0.0047]"
1730031556097,BTC_USDT,67178.8,0.0047,67178.9,67199.8,239065617,1602716611.65524,73919.7,60479.8,66708,67438.7,67178.8,67178.9,74729863,314.5,0.0001,UTC+8,"[0.0047, -0.015, 0.0303, -0.0065, 0.0661, 0.9752]","[0.001, 0.0015, 0.0047]"
1730031558106,BTC_USDT,67178.8,0.0047,67178.8,67199.8,239065673,1602716987.857,73919.7,60479.8,66708,67438.7,67178.8,67178.9,74729863,314.5,0.0001,UTC+8,"[0.0047, -0.015, 0.0303, -0.0065, 0.0661, 0.9752]","[0.001, 0.0015, 0.0047]"
1730031561100,BTC_USDT,67178.8,0.0047,67178.9,67199.8,239068120,1602733422.49722,73919.7,60479.8,66708,67438.7,67178.8,67178.9,74732422,314.5,0.0001,UTC+8,"[0.0047, -0.015, 0.0303, -0.0065, 0.0661, 0.9752]","[0.001, 0.0015, 0.0047]"
1730031563103,BTC_USDT,67178.8,0.0047,67178.9,67199.8,239073496,1602769543.24404,73919.7,60479.8,66708,67438.7,67178.8,67178.9,74745615,314.5,0.0001,UTC+8,"[0.0047, -0.015, 0.0303, -0.0065, 0.0661, 0.9752]","[0.001, 0.0015, 0.0047]"
1730031565101,BTC_USDT,67178.9,0.0047,67178.8,67199.8,239073515,1602769666.85312,73919.7,60479.8,66708,67438.7,67178.8,67178.9,74366715,314.6,0.0001,UTC+8,"[0.0047, -0.015, 0.0303, -0.0065, 0.0661, 0.9752]","[0.001, 0.0015, 0.0047]"
1730031567101,BTC_USDT,67179,0.0047,67178.8,67200.8,239075918,1602785811.27458,73920.8,60480.7,66708,67438.7,67179.9,67180,74748432,314.7,0.0001,UTC+8,"[0.0047, -0.015, 0.0303, -0.0065, 0.0661, 0.9752]","[0.001, 0.0015, 0.0047]"
1730031569092,BTC_USDT,67181.3,0.0047,67182.8,67205.4,239089917,1602879859.03192,73925.9,60484.8,66708,67438.7,67181.2,67181.3,74327266,317.0,0.0001,UTC+8,"[0.0047, -0.015, 0.0303, -0.0065, 0.0661, 0.9752]","[0.001, 0.0016, 0.0047]"
1730031572089,BTC_USDT,67181.3,0.0047,67182.9,67205.5,239089942,1602880025.64138,73926.0,60484.9,66708,67438.7,67181.2,67181.3,74287086,317.0,0.0001,UTC+8,"[0.0047, -0.015, 0.0303, -0.0065, 0.0661, 0.9752]","[0.001, 0.0016, 0.0047]"
1730031574092,BTC_USDT,67181.3,0.0047,67182.9,67205.5,239090837,1602886039.71128,73926.0,60484.9,66708,67438.7,67181.2,67181.3,74739215,317.0,0.0001,UTC+8,"[0.0047, -0.015, 0.0303, -0.0065, 0.0661, 0.9752]","[0.001, 0.0016, 0.0047]"
1730031576088,BTC_USDT,67181.2,0.0047,67182.9,67205.5,239090866,1602886233.19315,73926.0,60484.9,66708,67438.7,67181.2,67181.3,74289105,316.9,0.0001,UTC+8,"[0.0047, -0.015, 0.0303, -0.0065, 0.0661, 0.9752]","[0.001, 0.0016, 0.0047]"
1730031578090,BTC_USDT,67181.2,0.0047,67182.9,67205.5,239090884,1602886351.43212,73926.0,60484.9,66708,67438.7,67182.6,67182.7,74739231,316.9,0.0001,UTC+8,"[0.0047, -0.015, 0.0303, -0.0065, 0.0661, 0.9752]","[0.001, 0.0016, 0.0047]"
1730031581093,BTC_USDT,67182.6,0.0047,67183.1,67205.7,239091820,1602892639.72836,73926.2,60485.1,66708,67438.7,67182.6,67182.7,74291339,318.3,0.0001,UTC+8,"[0.0047, -0.015, 0.0304, -0.0065, 0.0661, 0.9753]","[0.001, 0.0016, 0.0047]"
1730031583096,BTC_USDT,67182.7,0.0047,67183.1,67205.7,239094396,1602909951.36639,73926.2,60485.1,66708,67438.7,67182.6,67182.7,74741465,318.4,0.0001,UTC+8,"[0.0047, -0.015, 0.0304, -0.0065, 0.0661, 0.9753]","[0.001, 0.0016, 0.0047]"
1730031585091,BTC_USDT,67182.7,0.0047,67183.2,67205.7,239094430,1602910177.10019,73926.2,60485.1,66708,67438.7,67182.6,67182.7,74362565,318.4,0.0001,UTC+8,"[0.0047, -0.015, 0.0304, -0.0065, 0.0661, 0.9753]","[0.001, 0.0016, 0.0047]"
1730031587085,BTC_USDT,67185,0.0047,67188.7,67211.2,239105232,1602982746.6514,73932.3,60490.0,66708,67438.7,67184.9,67185,74751630,320.7,0.0001,UTC+8,"[0.0047, -0.0149, 0.0304, -0.0064, 0.0662, 0.9754]","[0.0011, 0.0016, 0.0047]"
1730031589094,BTC_USDT,67184.9,0.0047,67188.7,67211.2,239105867,1602987014.2414,73932.3,60490.0,66708,67438.7,67184.9,67185,74753194,320.6,0.0001,UTC+8,"[0.0047, -0.0149, 0.0304, -0.0064, 0.0662, 0.9753]","[0.0011, 0.0016, 0.0047]"
1730031592091,BTC_USDT,67184.9,0.0047,67188.7,67211.2,239106419,1602990722.85002,73932.3,60490.0,66708,67438.7,67185.2,67185.3,74375005,320.6,0.0001,UTC+8,"[0.0047, -0.0149, 0.0304, -0.0064, 0.0662, 0.9753]","[0.0011, 0.0016, 0.0047]"
1730031594089,BTC_USDT,67185.3,0.0048,67188.6,67211.2,239106709,1602992673.90981,73932.3,60490.0,66708,67438.7,67185.2,67185.3,74376390,321.0,0.0001,UTC+8,"[0.0048, -0.0149, 0.0304, -0.0064, 0.0662, 0.9754]","[0.0011, 0.0016, 0.0048]"
1730031596093,BTC_USDT,67185.3,0.0048,67188.6,67211.2,239107479,1602997844.48925,73932.3,60490.0,66708,67438.7,67185.2,67185.3,74755785,321.0,0.0001,UTC+8,"[0.0048, -0.0149, 0.0304, -0.0064, 0.0662, 0.9754]","[0.0011, 0.0016, 0.0048]"
1730031598101,BTC_USDT,67185.2,0.0047,67188.6,67211.2,239111532,1603025073.34711,73932.3,60490.0,66708,67438.7,67185.2,67185.3,74386833,320.9,0.0001,UTC+8,"[0.0047, -0.0149, 0.0304, -0.0064, 0.0662, 0.9754]","[0.0011, 0.0016, 0.0047]"
1730031600115,BTC_USDT,67185.3,0.0048,67188.6,67211.2,239111551,1603025202.34284,73932.3,60490.0,66708,67438.7,67185.2,67185.3,74765733,321.0,0.0001,UTC+8,"[0.0048, -0.0149, 0.0304, -0.0064, 0.0662, 0.9754]","[0.0011, 0.0016, 0.0048]"
1730031603095,BTC_USDT,67185.2,0.0047,67188.6,67211.2,239112919,1603034393.2784,73932.3,60490.0,66708,67438.7,67185.2,67185.3,74318906,320.9,0.0001,UTC+8,"[0.0047, -0.0149, 0.0304, -0.0064, 0.0662, 0.9754]","[0.0011, 0.0016, 0.0047]"
1730031605107,BTC_USDT,67185.2,0.0047,67188.6,67211.2,239113104,1603035640.23688,73932.3,60490.0,66708,67438.7,67185.2,67185.3,74318728,320.9,0.0001,UTC+8,"[0.0047, -0.0149, 0.0304, -0.0064, 0.0662, 0.9754]","[0.0011, 0.0016, 0.0047]"
1730031607096,BTC_USDT,67185.2,0.0047,67188.6,67211.2,239113275,1603036785.07436,73932.3,60490.0,66708,67438.7,67185.2,67185.3,74768854,320.9,0.0001,UTC+8,"[0.0047, -0.0149, 0.0304, -0.0064, 0.0662, 0.9754]","[0.0011, 0.0016, 0.0047]"
1730031609092,BTC_USDT,67185.3,0.0048,67188.5,67211.1,239114104,1603042353.392,73932.2,60489.9,66708,67438.7,67185.2,67185.3,74316701,321.0,0.0001,UTC+8,"[0.0048, -0.0149, 0.0304, -0.0064, 0.0662, 0.9754]","[0.0011, 0.0016, 0.0048]"
1730031611130,BTC_USDT,67185.2,0.0047,67188.5,67211.1,239115074,1603048873.04506,73932.2,60489.9,66708,67438.7,67185.2,67185.3,74316408,320.9,0.0001,UTC+8,"[0.0047, -0.0149, 0.0304, -0.0064, 0.0662, 0.9754]","[0.0011, 0.0016, 0.0047]"
1730031614104,BTC_USDT,67185.2,0.0047,67188.5,67211.1,239115836,1603053989.87408,73932.2,60489.9,66708,67438.7,67185.2,67185.3,74317251,320.9,0.0001,UTC+8,"[0.0047, -0.0149, 0.0304, -0.0064, 0.0662, 0.9754]","[0.0011, 0.0016, 0.0047]"
1730031616089,BTC_USDT,67185.3,0.0048,67188.4,67211.1,239115919,1603054548.85564,73932.2,60489.9,66708,67438.7,67185.2,67185.3,74732495,321.0,0.0001,UTC+8,"[0.0048, -0.0149, 0.0304, -0.0064, 0.0662, 0.9754]","[0.0011, 0.0016, 0.0048]"
1730031618088,BTC_USDT,67185.3,0.0048,67188.4,67211.1,239124264,1603110613.56139,73932.2,60489.9,66708,67438.7,67185.2,67185.3,74732615,321.0,0.0001,UTC+8,"[0.0048, -0.0149, 0.0304, -0.0064, 0.0662, 0.9754]","[0.0011, 0.0016, 0.0048]"
1730031620105,BTC_USDT,67185.3,0.0048,67188.4,67211.1,239124715,1603113644.96069,73932.2,60489.9,66708,67438.7,67185.2,67185.3,74732702,321.0,0.0001,UTC+8,"[0.0048, -0.0149, 0.0304, -0.0064, 0.0662, 0.9754]","[0.0011, 0.0016, 0.0048]"
1730031622097,BTC_USDT,67195.6,0.0049,67201.1,67223.8,239199387,1603615393.66355,73946.1,60501.4,66708,67438.7,67195.5,67195.6,74311640,331.3,0.0001,UTC+8,"[0.0049, -0.0148, 0.0306, -0.0063, 0.0663, 0.9757]","[0.0012, 0.0018, 0.0049]"
1730031625091,BTC_USDT,67195.7,0.0049,67201,67223.8,239200739,1603624478.52076,73946.1,60501.4,66708,67438.7,67195.6,67195.7,74762461,331.4,0.0001,UTC+8,"[0.0049, -0.0148, 0.0306, -0.0063, 0.0663, 0.9757]","[0.0012, 0.0018, 0.0049]"
1730031627097,BTC_USDT,67204,0.005,67201.4,67224.2,239290232,1604225879.68676,73946.6,60501.7,66708,67438.7,67207.0,67210,74337374,339.7,0.0001,UTC+8,"[0.005, -0.0147, 0.0307, -0.0062, 0.0665, 0.9759]","[0.0013, 0.0019, 0.005]"
1730031629093,BTC_USDT,67220.8,0.0053,67213.8,67237.8,239366088,1604735740.47354,73961.5,60514.0,66708,67438.7,67220.8,67220.9,74351170,356.5,0.0001,UTC+8,"[0.0053, -0.0144, 0.0309, -0.0059, 0.0667, 0.9764]","[0.0016, 0.0022, 0.0053]"
1730031631102,BTC_USDT,67224.7,0.0053,67224.8,67242.3,239382556,1604846445.36801,73966.5,60518.0,66708,67438.7,67224.7,67224.8,74383935,360.4,0.0001,UTC+8,"[0.0053, -0.0143, 0.031, -0.0059, 0.0668, 0.9765]","[0.0017, 0.0022, 0.0053]"
1730031634096,BTC_USDT,67227.3,0.0054,67227.3,67245.7,239412505,1605047787.08452,73970.2,60521.1,66708,67438.7,67227.2,67227.3,74173486,363.0,0.0001,UTC+8,"[0.0054, -0.0143, 0.031, -0.0058, 0.0668, 0.9766]","[0.0017, 0.0023, 0.0054]"
1730031636097,BTC_USDT,67218,0.0052,67222.5,67245.2,239417317,1605080136.33892,73969.7,60520.6,66708,67438.7,67218.0,67218.1,74183937,353.7,0.0001,UTC+8,"[0.0052, -0.0144, 0.0309, -0.006, 0.0667, 0.9763]","[0.0016, 0.0021, 0.0052]"
1730031638114,BTC_USDT,67218,0.0052,67222.3,67245.1,239421641,1605109201.42212,73969.6,60520.5,66708,67438.7,67218.0,67218.1,74642513,353.7,0.0001,UTC+8,"[0.0052, -0.0144, 0.0309, -0.006, 0.0667, 0.9763]","[0.0016, 0.0021, 0.0052]"
1730031640100,BTC_USDT,67214.7,0.0052,67222.3,67245.1,239432385,1605181419.18643,73969.6,60520.5,66708,67438.7,67214.7,67214.8,74283920,350.4,0.0001,UTC+8,"[0.0052, -0.0145, 0.0309, -0.006, 0.0666, 0.9762]","[0.0015, 0.0021, 0.0052]"
1730031642102,BTC_USDT,67225.9,0.0054,67222.4,67245.2,239441428,1605242205.06123,73969.7,60520.6,66708,67438.7,67225.9,67226,74223731,361.6,0.0001,UTC+8,"[0.0054, -0.0143, 0.031, -0.0058, 0.0668, 0.9766]","[0.0017, 0.0022, 0.0054]"
1730031645116,BTC_USDT,67225.9,0.0054,67226,67245.6,239455475,1605336633.37727,73970.1,60521.0,66708,67438.7,67225.9,67226,74675797,361.6,0.0001,UTC+8,"[0.0054, -0.0143, 0.031, -0.0058, 0.0668, 0.9766]","[0.0017, 0.0022, 0.0054]"
1730031647101,BTC_USDT,67229.9,0.0054,67229.9,67245.7,239476402,1605477321.62996,73970.2,60521.1,66708,67438.7,67229.9,67230,74240606,365.6,0.0001,UTC+8,"[0.0054, -0.0143, 0.0311, -0.0058, 0.0669, 0.9767]","[0.0017, 0.0023, 0.0054]"
1730031649091,BTC_USDT,67237.7,0.0055,67229.9,67249.9,239497175,1605616984.37521,73974.8,60524.9,66708,67438.7,67237.7,67237.8,74312361,373.4,0.0001,UTC+8,"[0.0055, -0.0142, 0.0312, -0.0057, 0.067, 0.9769]","[0.0019, 0.0024, 0.0055]"
1730031651097,BTC_USDT,67244.6,0.0056,67244.6,67267.4,239526204,1605812181.48699,73994.1,60540.6,66708,67438.7,67244.6,67244.7,74077839,380.3,0.0001,UTC+8,"[0.0056, -0.0141, 0.0313, -0.0056, 0.0671, 0.9771]","[0.002, 0.0025, 0.0056]"
1730031654098,BTC_USDT,67248.4,0.0057,67245,67267.9,239723293,1607137536.97589,73994.6,60541.1,66708,67438.7,67248.4,67248.5,74562130,384.1,0.0001,UTC+8,"[0.0057, -0.014, 0.0314, -0.0055, 0.0672, 0.9772]","[0.002, 0.0026, 0.0057]"
1730031656087,BTC_USDT,67254.1,0.0058,67257.7,67272.4,239830045,1607855472.9366,73999.6,60545.1,66708,67438.7,67247.7,67247.8,74162074,389.8,0.0001,UTC+8,"[0.0058, -0.0139, 0.0315, -0.0054, 0.0673, 0.9774]","[0.0021, 0.0027, 0.0058]"
1730031658098,BTC_USDT,67252.8,0.0058,67252.7,67272.3,239837660,1607906682.1305,73999.5,60545.0,66708,67438.7,67252.7,67252.8,74247999,388.5,0.0001,UTC+8,"[0.0058, -0.0139, 0.0314, -0.0054, 0.0673, 0.9773]","[0.0021, 0.0026, 0.0058]"
1730031660096,BTC_USDT,67252.8,0.0058,67252.8,67272.3,239839348,1607918034.39595,73999.5,60545.0,66708,67438.7,67252.0,67252.1,74249770,388.5,0.0001,UTC+8,"[0.0058, -0.0139, 0.0314, -0.0054, 0.0673, 0.9773]","[0.0021, 0.0026, 0.0058]"
1730031662094,BTC_USDT,67243,0.0056,67252.8,67271.7,239842751,1607940920.16891,73998.8,60544.5,66708,67438.7,67242.9,67243,74182347,378.7,0.0001,UTC+8,"[0.0056, -0.0141, 0.0313, -0.0056, 0.0671, 0.9771]","[0.0019, 0.0025, 0.0056]"
1730031665101,BTC_USDT,67250.3,0.0057,67249,67271.9,239899708,1608323922.18992,73999.0,60544.7,66708,67438.7,67250.2,67250.3,74218818,386.0,0.0001,UTC+8,"[0.0057, -0.014, 0.0314, -0.0055, 0.0672, 0.9773]","[0.002, 0.0026, 0.0057]"
1730031667093,BTC_USDT,67250.2,0.0057,67250.3,67272.0,239917403,1608442917.38769,73999.2,60544.8,66708,67438.7,67250.2,67250.3,74223493,385.9,0.0001,UTC+8,"[0.0057, -0.014, 0.0314, -0.0055, 0.0672, 0.9773]","[0.002, 0.0026, 0.0057]"
1730031669097,BTC_USDT,67252.7,0.0058,67250.3,67272.3,239921088,1608467703.30304,73999.5,60545.0,66708,67438.7,67252.6,67252.7,74700617,388.4,0.0001,UTC+8,"[0.0058, -0.0139, 0.0314, -0.0054, 0.0672, 0.9773]","[0.0021, 0.0026, 0.0058]"
1730031671097,BTC_USDT,67252.8,0.0058,67252.6,67272.4,239935161,1608562346.645,73999.6,60545.1,66708,67438.7,67252.7,67252.8,74332439,388.5,0.0001,UTC+8,"[0.0058, -0.0139, 0.0314, -0.0054, 0.0673, 0.9773]","[0.0021, 0.0026, 0.0058]"
1730031673092,BTC_USDT,67252.7,0.0058,67252.8,67272.4,239936512,1608571428.45126,73999.6,60545.1,66708,67438.7,67252.7,67252.8,74714174,388.4,0.0001,UTC+8,"[0.0058, -0.0139, 0.0314, -0.0054, 0.0672, 0.9773]","[0.0021, 0.0026, 0.0058]"
1730031676098,BTC_USDT,67255.5,0.0058,67252.7,67273.3,239944784,1608627066.54212,74000.6,60545.9,66708,67438.7,67255.5,67255.6,74078759,391.2,0.0001,UTC+8,"[0.0058, -0.0139, 0.0315, -0.0054, 0.0673, 0.9774]","[0.0021, 0.0027, 0.0058]"
1730031678099,BTC_USDT,67269,0.006,67266.8,67274.6,240001672,1609009725.95672,74002.0,60547.1,66708,67438.7,67272.0,67272.1,74152206,404.7,0.0001,UTC+8,"[0.006, -0.0137, 0.0317, -0.0052, 0.0675, 0.9778]","[0.0023, 0.0029, 0.006]"
1730031680086,BTC_USDT,67276.4,0.0061,67276.3,67290.3,240142180,1609954994.99138,74019.3,60561.2,66708,67438.7,67276.3,67276.4,74358644,412.1,0.0001,UTC+8,"[0.0061, -0.0136, 0.0318, -0.0051, 0.0676, 0.978]","[0.0024, 0.003, 0.0061]"
1730031682091,BTC_USDT,67273,0.0061,67276.3,67293.4,240144716,1609972055.42453,74022.7,60564.0,66708,67438.7,67273.0,67273.1,74363792,408.7,0.0001,UTC+8,"[0.0061, -0.0136, 0.0317, -0.0051, 0.0676, 0.9779]","[0.0024, 0.0029, 0.0061]"
1730031684095,BTC_USDT,67285.6,0.0063,67274.6,67297.2,240222685,1610496648.07466,74026.9,60567.4,66708,67438.7,67285.6,67285.7,74841273,421.3,0.0001,UTC+8,"[0.0063, -0.0135, 0.0319, -0.005, 0.0678, 0.9783]","[0.0026, 0.0031, 0.0063]"
1730031687090,BTC_USDT,67286.9,0.0063,67287,67302.8,240229616,1610543280.07165,74033.0,60572.5,66708,67438.7,67286.9,67287,74847224,422.6,0.0001,UTC+8,"[0.0063, -0.0134, 0.032, -0.0049, 0.0678, 0.9783]","[0.0026, 0.0032, 0.0063]"
1730031689097,BTC_USDT,67286.9,0.0063,67286.9,67302.9,240253711,1610705409.41563,74033.1,60572.6,66708,67438.7,67286.9,67287,74520360,422.6,0.0001,UTC+8,"[0.0063, -0.0134, 0.032, -0.0049, 0.0678, 0.9783]","[0.0026, 0.0032, 0.0063]"
1730031691100,BTC_USDT,67287,0.0063,67287,67302.7,240255712,1610718872.18713,74032.9,60572.4,66708,67438.7,67286.9,67287,74919545,422.7,0.0001,UTC+8,"[0.0063, -0.0134, 0.032, -0.0049, 0.0678, 0.9784]","[0.0026, 0.0032, 0.0063]"
1730031693098,BTC_USDT,67283.6,0.0062,67281.3,67302.5,240268000,1610801552.62806,74032.7,60572.2,66708,67438.7,67284.3,67284.4,74553552,419.3,0.0001,UTC+8,"[0.0062, -0.0135, 0.0319, -0.005, 0.0677, 0.9783]","[0.0025, 0.0031, 0.0062]"
1730031696088,BTC_USDT,67285.7,0.0063,67284.4,67302.9,240275752,1610853716.94862,74033.1,60572.6,66708,67438.7,67286.3,67286.4,74571974,421.4,0.0001,UTC+8,"[0.0063, -0.0135, 0.0319, -0.005, 0.0678, 0.9783]","[0.0026, 0.0031, 0.0063]"
1730031698092,BTC_USDT,67316.2,0.0067,67316.1,67318.7,240644548,1613335933.75579,74050.5,60586.8,66708,67438.7,67314.8,67314.9,74119756,451.9,0.0001,UTC+8,"[0.0067, -0.013, 0.0324, -0.0045, 0.0683, 0.9792]","[0.003, 0.0036, 0.0067]"
1730031700102,BTC_USDT,67310.9,0.0066,67307,67329.2,240663108,1613460856.37187,74062.1,60596.2,66708,67438.7,67310.9,67311,74212344,446.6,0.0001,UTC+8,"[0.0066, -0.0131, 0.0323, -0.0046, 0.0682, 0.9791]","[0.0029, 0.0035, 0.0066]"
1730031702099,BTC_USDT,67307.7,0.0066,67307.7,67329.3,240672376,1613523242.58954,74062.2,60596.3,66708,67438.7,67307.6,67307.7,74154334,443.4,0.0001,UTC+8,"[0.0066, -0.0131, 0.0323, -0.0046, 0.0681, 0.979]","[0.0029, 0.0035, 0.0066]"
1730031704091,BTC_USDT,67310.3,0.0066,67310.4,67329.5,240681661,1613585737.46329,74062.4,60596.5,66708,67438.7,67310.3,67310.4,74167342,446.0,0.0001,UTC+8,"[0.0066, -0.0131, 0.0323, -0.0046, 0.0682, 0.979]","[0.0029, 0.0035, 0.0066]"
1730031707097,BTC_USDT,67310.3,0.0066,67310.3,67329.4,240714176,1613804598.39004,74062.3,60596.4,66708,67438.7,67310.3,67310.4,74674963,446.0,0.0001,UTC+8,"[0.0066, -0.0131, 0.0323, -0.0046, 0.0682, 0.979]","[0.0029, 0.0035, 0.0066]"
1730031709095,BTC_USDT,67310.8,0.0066,67310.3,67329.5,240719632,1613841323.01907,74062.4,60596.5,66708,67438.7,67310.8,67310.9,74306301,446.5,0.0001,UTC+8,"[0.0066, -0.0131, 0.0323, -0.0046, 0.0682, 0.9791]","[0.0029, 0.0035, 0.0066]"
1730031711101,BTC_USDT,67304.9,0.0065,67306.9,67329.2,240740004,1613978441.5978,74062.1,60596.2,66708,67438.7,67304.9,67305,74335150,440.6,0.0001,UTC+8,"[0.0065, -0.0132, 0.0322, -0.0047, 0.0681, 0.9789]","[0.0029, 0.0034, 0.0065]"
1730031713102,BTC_USDT,67300,0.0065,67304.9,67323.3,240748895,1614038283.4007,74055.6,60590.9,66708,67438.7,67300.0,67300.1,73961622,435.7,0.0001,UTC+8,"[0.0065, -0.0132, 0.0322, -0.0047, 0.068, 0.9787]","[0.0028, 0.0034, 0.0065]"
1730031716084,BTC_USDT,67299.3,0.0065,67301,67323.3,240764432,1614142850.59756,74055.6,60590.9,66708,67438.7,67299.3,67299.4,73970545,435.0,0.0001,UTC+8,"[0.0065, -0.0133, 0.0321, -0.0048, 0.068, 0.9787]","[0.0028, 0.0033, 0.0065]"
1730031718100,BTC_USDT,67299.3,0.0065,67300.9,67323.3,240766632,1614157656.45352,74055.6,60590.9,66708,67438.7,67299.2,67299.3,74143239,435.0,0.0001,UTC+8,"[0.0065, -0.0133, 0.0321, -0.0048, 0.068, 0.9787]","[0.0028, 0.0033, 0.0065]"
1730031720099,BTC_USDT,67298.6,0.0064,67300.9,67323.3,240944696,1615356012.27392,74055.6,60590.9,66708,67438.7,67298.5,67298.6,74187365,434.3,0.0001,UTC+8,"[0.0064, -0.0133, 0.0321, -0.0048, 0.068, 0.9787]","[0.0028, 0.0033, 0.0064]"
1730031722091,BTC_USDT,67307.1,0.0066,67307.1,67324.8,240958364,1615447993.05631,74057.2,60592.3,66708,67438.7,67307.1,67307.7,74153010,442.8,0.0001,UTC+8,"[0.0066, -0.0131, 0.0323, -0.0046, 0.0681, 0.9789]","[0.0029, 0.0035, 0.0066]"
1730031724099,BTC_USDT,67321,0.0068,67316,67338.4,241007637,1615779693.4338,74072.2,60604.5,66708,67438.7,67320.9,67321,74302257,456.7,0.0001,UTC+8,"[0.0068, -0.0129, 0.0325, -0.0044, 0.0683, 0.9794]","[0.0031, 0.0037, 0.0068]"
1730031727099,BTC_USDT,67325.9,0.0069,67324.9,67342.1,241051927,1616077872.7012,74076.3,60607.8,66708,67438.7,67327.0,67327.1,74682719,461.6,0.0001,UTC+8,"[0.0069, -0.0129, 0.0326, -0.0044, 0.0684, 0.9795]","[0.0032, 0.0037, 0.0069]"
1730031729082,BTC_USDT,67330,0.0069,67328.3,67344.3,241065897,1616171932.62651,74078.7,60609.8,66708,67438.7,67329.9,67330,74713735,465.7,0.0001,UTC+8,"[0.0069, -0.0128, 0.0326, -0.0043, 0.0685, 0.9796]","[0.0032, 0.0038, 0.0069]"
1730031731096,BTC_USDT,67340,0.0071,67340.4,67362.7,241240392,1617347128.10108,74098.9,60626.4,66708,67438.7,67344.6,67344.7,74400873,475.7,0.0001,UTC+8,"[0.0071, -0.0127, 0.0328, -0.0042, 0.0686, 0.9799]","[0.0034, 0.0039, 0.0071]"
1730031733125,BTC_USDT,67341.5,0.0071,67341.5,67362.9,241301304,1617757313.05014,74099.1,60626.6,66708,67438.7,67341.5,67341.6,73797638,477.2,0.0001,UTC+8,"[0.0071, -0.0126, 0.0328, -0.0041, 0.0687, 0.98]","[0.0034, 0.004, 0.0071]"
1730031735099,BTC_USDT,67333,0.007,67334.9,67357.3,241350848,1618090924.82955,74093.0,60621.5,66708,67438.7,67333.0,67333.1,73918087,468.7,0.0001,UTC+8,"[0.007, -0.0128, 0.0327, -0.0043, 0.0685, 0.9797]","[0.0033, 0.0038, 0.007]"
1730031738088,BTC_USDT,67329.8,0.0069,67329.8,67349.7,241395753,1618393258.60368,74084.6,60614.7,66708,67438.7,67329.8,67329.9,73922947,465.5,0.0001,UTC+8,"[0.0069, -0.0128, 0.0326, -0.0043, 0.0685, 0.9796]","[0.0032, 0.0038, 0.0069]"
1730031740093,BTC_USDT,67329.9,0.0069,67329.9,67349.7,241400394,1618424505.04232,74084.6,60614.7,66708,67438.7,67329.8,67329.9,73929683,465.6,0.0001,UTC+8,"[0.0069, -0.0128, 0.0326, -0.0043, 0.0685, 0.9796]","[0.0032, 0.0038, 0.0069]"
1730031742097,BTC_USDT,67327.9,0.0069,67327.4,67349.7,241411232,1618497475.56132,74084.6,60614.7,66708,67438.7,67327.9,67328,74383770,463.6,0.0001,UTC+8,"[0.0069, -0.0128, 0.0326, -0.0043, 0.0684, 0.9796]","[0.0032, 0.0038, 0.0069]"
1730031744101,BTC_USDT,67334,0.007,67329.8,67350.1,241427779,1618608885.3198,74085.1,60615.0,66708,67438.7,67333.9,67334,73969447,469.7,0.0001,UTC+8,"[0.007, -0.0127, 0.0327, -0.0042, 0.0685, 0.9797]","[0.0033, 0.0039, 0.007]"
1730031747103,BTC_USDT,67337.4,0.007,67334.8,67357.1,241441221,1618699398.8916,74092.8,60621.3,66708,67438.7,67337.4,67337.5,73972672,473.1,0.0001,UTC+8,"[0.007, -0.0127, 0.0327, -0.0042, 0.0686, 0.9798]","[0.0033, 0.0039, 0.007]"
1730031749098,BTC_USDT,67340.9,0.0071,67337.4,67357.8,241444808,1618723549.5224,74093.5,60622.0,66708,67438.7,67344.9,67345,74052711,476.6,0.0001,UTC+8,"[0.0071, -0.0126, 0.0328, -0.0041, 0.0686, 0.9799]","[0.0034, 0.004, 0.0071]"
1730031751093,BTC_USDT,67356.8,0.0073,67352,67371.0,241522039,1619243744.57329,74108.1,60633.9,66708,67438.7,67356.8,67356.9,74047501,492.5,0.0001,UTC+8,"[0.0073, -0.0124, 0.033, -0.0039, 0.0689, 0.9804]","[0.0036, 0.0042, 0.0073]"
1730031753090,BTC_USDT,67366.7,0.0075,67366.7,67381.2,241548906,1619424733.28628,74119.3,60643.0,66708,67438.7,67366.7,67366.8,74510356,502.4,0.0001,UTC+8,"[0.0075, -0.0123, 0.0332, -0.0038, 0.0691, 0.9807]","[0.0038, 0.0043, 0.0075]"
1730031755103,BTC_USDT,67361,0.0074,67362.7,67384.9,241556784,1619477802.08964,74123.3,60646.4,66708,67438.7,67361.0,67361.1,74077612,496.7,0.0001,UTC+8,"[0.0074, -0.0124, 0.0331, -0.0038, 0.069, 0.9805]","[0.0037, 0.0043, 0.0074]"
1730031758110,BTC_USDT,67367.7,0.0075,67367.7,67385.1,241648813,1620097778.2825,74123.6,60646.5,66708,67438.7,67367.6,67367.7,74338377,503.4,0.0001,UTC+8,"[0.0075, -0.0123, 0.0332, -0.0037, 0.0691, 0.9807]","[0.0038, 0.0044, 0.0075]"
1730031760097,BTC_USDT,67368,0.0075,67367.9,67385.1,241652710,1620124030.17889,74123.6,60646.5,66708,67438.7,67367.9,67368,74344159,503.7,0.0001,UTC+8,"[0.0075, -0.0122, 0.0332, -0.0037, 0.0691, 0.9807]","[0.0038, 0.0044, 0.0075]"
1730031762099,BTC_USDT,67362,0.0074,67367.1,67385.1,241722352,1620593190.46572,74123.6,60646.5,66708,67438.7,67362.0,67362.1,73992067,497.7,0.0001,UTC+8,"[0.0074, -0.0123, 0.0331, -0.0038, 0.069, 0.9806]","[0.0037, 0.0043, 0.0074]"
1730031764133,BTC_USDT,67365.6,0.0074,67365.6,67385.0,241727422,1620627347.16426,74123.5,60646.5,66708,67438.7,67365.6,67365.7,74453287,501.3,0.0001,UTC+8,"[0.0074, -0.0123, 0.0332, -0.0038, 0.069, 0.9807]","[0.0038, 0.0043, 0.0074]"
1730031767099,BTC_USDT,67363.4,0.0074,67363.4,67384.9,241761784,1620858825.61724,74123.3,60646.4,66708,67438.7,67363.4,67363.5,74467394,499.1,0.0001,UTC+8,"[0.0074, -0.0123, 0.0331, -0.0038, 0.069, 0.9806]","[0.0037, 0.0043, 0.0074]"
1730031769106,BTC_USDT,67360.9,0.0074,67363.5,67384.9,241774795,1620946466.8138,74123.3,60646.4,66708,67438.7,67360.9,67361,74497167,496.6,0.0001,UTC+8,"[0.0074, -0.0124, 0.0331, -0.0038, 0.069, 0.9805]","[0.0037, 0.0043, 0.0074]"
1730031771101,BTC_USDT,67357.2,0.0073,67357.6,67379.7,241819376,1621246762.90753,74117.6,60641.7,66708,67438.7,67357.2,67357.3,74070532,492.9,0.0001,UTC+8,"[0.0073, -0.0124, 0.033, -0.0039, 0.0689, 0.9804]","[0.0036, 0.0042, 0.0073]"
1730031773095,BTC_USDT,67356.9,0.0073,67357.6,67379.7,241834807,1621350702.99045,74117.6,60641.7,66708,67438.7,67356.9,67357,74088224,492.6,0.0001,UTC+8,"[0.0073, -0.0124, 0.033, -0.0039, 0.0689, 0.9804]","[0.0036, 0.0042, 0.0073]"
1730031775093,BTC_USDT,67356.9,0.0073,67357.7,67379.7,241872362,1621603663.17559,74117.6,60641.7,66708,67438.7,67356.9,67357,74093295,492.6,0.0001,UTC+8,"[0.0073, -0.0124, 0.033, -0.0039, 0.0689, 0.9804]","[0.0036, 0.0042, 0.0073]"
1730031778087,BTC_USDT,67359.5,0.0074,67357.7,67379.7,241898174,1621777524.12973,74117.6,60641.7,66708,67438.7,67359.5,67359.6,74050924,495.2,0.0001,UTC+8,"[0.0074, -0.0124, 0.0331, -0.0039, 0.0689, 0.9805]","[0.0037, 0.0042, 0.0074]"
1730031780102,BTC_USDT,67359.5,0.0074,67359.5,67379.9,241911779,1621869165.46715,74117.8,60641.9,66708,67438.7,67359.5,67359.6,74078276,495.2,0.0001,UTC+8,"[0.0074, -0.0124, 0.0331, -0.0039, 0.0689, 0.9805]","[0.0037, 0.0042, 0.0074]"
1730031782089,BTC_USDT,67357.6,0.0073,67359.5,67379.8,241915236,1621892455.03611,74117.7,60641.8,66708,67438.7,67357.6,67357.7,73633895,493.3,0.0001,UTC+8,"[0.0073, -0.0124, 0.033, -0.0039, 0.0689, 0.9804]","[0.0036, 0.0042, 0.0073]"
1730031784097,BTC_USDT,67345.6,0.0071,67347.9,67369.8,241945275,1622094765.69002,74106.7,60632.8,66708,67438.7,67345.6,67345.7,74099254,481.3,0.0001,UTC+8,"[0.0071, -0.0126, 0.0329, -0.0041, 0.0687, 0.9801]","[0.0035, 0.004, 0.0071]"
1730031787097,BTC_USDT,67328.9,0.0069,67333.6,67350.3,241995781,1622434856.2921,74085.3,60615.2,66708,67438.7,67328.8,67328.9,74156117,464.6,0.0001,UTC+8,"[0.0069, -0.0128, 0.0326, -0.0043, 0.0685, 0.9796]","[0.0032, 0.0038, 0.0069]"
1730031789092,BTC_USDT,67321.1,0.0068,67327.5,67349.2,242024156,1622625885.09154,74084.1,60614.2,66708,67438.7,67320.0,67320.1,73833460,456.8,0.0001,UTC+8,"[0.0068, -0.0129, 0.0325, -0.0044, 0.0683, 0.9794]","[0.0031, 0.0037, 0.0068]"
1730031791090,BTC_USDT,67316.4,0.0067,67320.1,67341.8,242027556,1622648768.49913,74075.9,60607.6,66708,67438.7,67312.0,67312.1,73769740,452.1,0.0001,UTC+8,"[0.0067, -0.013, 0.0324, -0.0045, 0.0683, 0.9792]","[0.003, 0.0036, 0.0067]"
1730031793090,BTC_USDT,67312,0.0066,67316.7,67338.5,242073475,1622957860.45934,74072.3,60604.6,66708,67438.7,67312.0,67312.1,74045148,447.7,0.0001,UTC+8,"[0.0066, -0.0131, 0.0323, -0.0046, 0.0682, 0.9791]","[0.003, 0.0035, 0.0066]"
1730031795126,BTC_USDT,67311.5,0.0066,67313.8,67335.6,242093400,1623091983.657,74069.1,60602.0,66708,67438.7,67307.4,67307.5,74067191,447.2,0.0001,UTC+8,"[0.0066, -0.0131, 0.0323, -0.0046, 0.0682, 0.9791]","[0.003, 0.0035, 0.0066]"
1730031798095,BTC_USDT,67301.1,0.0065,67305.9,67327.7,242152826,1623491929.66674,74060.4,60594.9,66708,67438.7,67301.0,67301.1,73677793,436.8,0.0001,UTC+8,"[0.0065, -0.0132, 0.0322, -0.0047, 0.068, 0.9788]","[0.0028, 0.0034, 0.0065]"
1730031800102,BTC_USDT,67296,0.0064,67302.6,67324.5,242171557,1623617986.03596,74056.9,60592.0,66708,67438.7,67296.0,67296.1,73693590,431.7,0.0001,UTC+8,"[0.0064, -0.0133, 0.0321, -0.0048, 0.0679, 0.9786]","[0.0027, 0.0033, 0.0064]"
1730031802096,BTC_USDT,67305.9,0.0066,67303.2,67325.1,242189799,1623740753.3991,74057.6,60592.5,66708,67438.7,67305.9,67306,73721273,441.6,0.0001,UTC+8,"[0.0066, -0.0132, 0.0322, -0.0047, 0.0681, 0.9789]","[0.0029, 0.0034, 0.0066]"
1730031804093,BTC_USDT,67309.8,0.0066,67309.8,67329.3,242212984,1623896805.69308,74062.2,60596.3,66708,67438.7,67309.7,67309.8,73748921,445.5,0.0001,UTC+8,"[0.0066, -0.0131, 0.0323, -0.0046, 0.0682, 0.979]","[0.0029, 0.0035, 0.0066]"
1730031807101,BTC_USDT,67312.9,0.0067,67313,67334.4,242218368,1623933045.8775,74067.8,60600.9,66708,67438.7,67312.9,67313,73758058,448.6,0.0001,UTC+8,"[0.0067, -0.0131, 0.0324, -0.0046, 0.0682, 0.9791]","[0.003, 0.0035, 0.0067]"
1730031809101,BTC_USDT,67315.5,0.0067,67315.5,67334.5,242221293,1623952739.25408,74067.9,60601.0,66708,67438.7,67315.5,67315.6,73760710,451.2,0.0001,UTC+8,"[0.0067, -0.013, 0.0324, -0.0045, 0.0682, 0.9792]","[0.003, 0.0036, 0.0067]"
1730031811103,BTC_USDT,67319.2,0.0068,67319.3,67334.6,242224376,1623973489.44773,74068.0,60601.1,66708,67438.7,67319.2,67319.3,74215037,454.9,0.0001,UTC+8,"[0.0068, -0.013, 0.0325, -0.0045, 0.0683, 0.9793]","[0.0031, 0.0036, 0.0068]"
1730031813104,BTC_USDT,67319.3,0.0068,67319.3,67334.5,242244250,1624107282.50432,74067.9,60601.0,66708,67438.7,67319.2,67319.3,74265859,455.0,0.0001,UTC+8,"[0.0068, -0.013, 0.0325, -0.0045, 0.0683, 0.9793]","[0.0031, 0.0036, 0.0068]"
1730031816087,BTC_USDT,67319.2,0.0068,67319.2,67335.9,242285959,1624388062.8209,74069.4,60602.3,66708,67438.7,67319.2,67319.3,74364245,454.9,0.0001,UTC+8,"[0.0068, -0.013, 0.0325, -0.0045, 0.0683, 0.9793]","[0.0031, 0.0036, 0.0068]"
1730031818083,BTC_USDT,67320,0.0068,67319.3,67336.2,242290459,1624418356.49956,74069.8,60602.5,66708,67438.7,67326.7,67326.8,73902796,455.7,0.0001,UTC+8,"[0.0068, -0.013, 0.0325, -0.0044, 0.0683, 0.9793]","[0.0031, 0.0036, 0.0068]"
1730031820100,BTC_USDT,67336.9,0.007,67336.9,67358.7,242299261,1624477622.14486,74094.5,60622.8,66708,67438.7,67336.9,67337,73536938,472.6,0.0001,UTC+8,"[0.007, -0.0127, 0.0327, -0.0042, 0.0686, 0.9798]","[0.0033, 0.0039, 0.007]"
1730031822095,BTC_USDT,67344.9,0.0071,67346.4,67368.2,242319308,1624612621.10951,74105.0,60631.3,66708,67438.7,67344.9,67345,73484473,480.6,0.0001,UTC+8,"[0.0071, -0.0126, 0.0328, -0.0041, 0.0687, 0.9801]","[0.0034, 0.004, 0.0071]"
1730031824101,BTC_USDT,67348.6,0.0072,67347.2,67369.1,242339052,1624745592.69212,74106.0,60632.1,66708,67438.7,67348.5,67348.6,73525971,484.3,0.0001,UTC+8,"[0.0072, -0.0125, 0.0329, -0.004, 0.0688, 0.9802]","[0.0035, 0.0041, 0.0072]"
1730031827100,BTC_USDT,67340.9,0.0071,67348.6,67368.8,242358168,1624874327.27921,74105.6,60631.9,66708,67438.7,67340.5,67340.6,73572041,476.6,0.0001,UTC+8,"[0.0071, -0.0126, 0.0328, -0.0041, 0.0686, 0.9799]","[0.0034, 0.004, 0.0071]"
1730031829099,BTC_USDT,67335.7,0.007,67341.6,67363.4,242366410,1624929831.80532,74099.7,60627.0,66708,67438.7,67335.7,67335.8,73513702,471.4,0.0001,UTC+8,"[0.007, -0.0127, 0.0327, -0.0042, 0.0686, 0.9798]","[0.0033, 0.0039, 0.007]"
1730031831102,BTC_USDT,67330.8,0.0069,67335.8,67357.4,242366552,1624930790.6654,74093.1,60621.6,66708,67438.7,67330.7,67330.8,73513863,466.5,0.0001,UTC+8,"[0.0069, -0.0128, 0.0326, -0.0043, 0.0685, 0.9796]","[0.0032, 0.0038, 0.0069]"
1730031833093,BTC_USDT,67329.1,0.0069,67331.8,67353.7,242368612,1624944655.08818,74089.0,60618.3,66708,67438.7,67329.1,67329.2,73969055,464.8,0.0001,UTC+8,"[0.0069, -0.0128, 0.0326, -0.0043, 0.0685, 0.9796]","[0.0032, 0.0038, 0.0069]"
1730031836092,BTC_USDT,67323.9,0.0068,67329.7,67351.6,242379420,1625017420.869,74086.7,60616.4,66708,67438.7,67323.9,67324,73533268,459.6,0.0001,UTC+8,"[0.0068, -0.0129, 0.0325, -0.0044, 0.0684, 0.9794]","[0.0031, 0.0037, 0.0068]"
1730031838104,BTC_USDT,67323.9,0.0068,67329.4,67351.4,242382617,1625038948.37484,74086.5,60616.2,66708,67438.7,67323.9,67324,73610866,459.6,0.0001,UTC+8,"[0.0068, -0.0129, 0.0325, -0.0044, 0.0684, 0.9794]","[0.0031, 0.0037, 0.0068]"
1730031840102,BTC_USDT,67323.9,0.0068,67329.5,67351.5,242491566,1625772434.19447,74086.6,60616.3,66708,67438.7,67323.9,67324,73805665,459.6,0.0001,UTC+8,"[0.0068, -0.0129, 0.0325, -0.0044, 0.0684, 0.9794]","[0.0031, 0.0037, 0.0068]"
1730031842096,BTC_USDT,67329.1,0.0069,67330,67352.1,242543084,1626119302.51088,74087.3,60616.8,66708,67438.7,67329.0,67329.1,74279082,464.8,0.0001,UTC+8,"[0.0069, -0.0128, 0.0326, -0.0043, 0.0685, 0.9796]","[0.0032, 0.0038, 0.0069]"
1730031844100,BTC_USDT,67329.1,0.0069,67330,67352.1,242543333,1626120977.65742,74087.3,60616.8,66708,67438.7,67329.0,67329.1,74279379,464.8,0.0001,UTC+8,"[0.0069, -0.0128, 0.0326, -0.0043, 0.0685, 0.9796]","[0.0032, 0.0038, 0.0069]"
1730031847098,BTC_USDT,67329.1,0.0069,67329.9,67352.0,242559158,1626227524.61144,74087.2,60616.8,66708,67438.7,67329.1,67329.2,73846988,464.8,0.0001,UTC+8,"[0.0069, -0.0128, 0.0326, -0.0043, 0.0685, 0.9796]","[0.0032, 0.0038, 0.0069]"
1730031849095,BTC_USDT,67329.2,0.0069,67329.9,67352.0,242563157,1626254450.86516,74087.2,60616.8,66708,67438.7,67329.1,67329.2,73853887,464.9,0.0001,UTC+8,"[0.0069, -0.0128, 0.0326, -0.0043, 0.0685, 0.9796]","[0.0032, 0.0038, 0.0069]"
1730031851095,BTC_USDT,67329.1,0.0069,67329.9,67352.0,242587217,1626416444.91999,74087.2,60616.8,66708,67438.7,67329.1,67329.2,74363156,464.8,0.0001,UTC+8,"[0.0069, -0.0128, 0.0326, -0.0043, 0.0685, 0.9796]","[0.0032, 0.0038, 0.0069]"
1730031853098,BTC_USDT,67329.2,0.0069,67329.9,67352.0,242610784,1626575120.96761,74087.2,60616.8,66708,67438.7,67329.1,67329.2,73932864,464.9,0.0001,UTC+8,"[0.0069, -0.0128, 0.0326, -0.0043, 0.0685, 0.9796]","[0.0032, 0.0038, 0.0069]"
1730031856126,BTC_USDT,67329.1,0.0069,67329.8,67352.0,242619476,1626633643.42142,74087.2,60616.8,66708,67438.7,67329.1,67329.2,73560706,464.8,0.0001,UTC+8,"[0.0069, -0.0128, 0.0326, -0.0043, 0.0685, 0.9796]","[0.0032, 0.0038, 0.0069]"
1730031858095,BTC_USDT,67315.4,0.0067,67323.4,67345.6,242635261,1626739906.01249,74080.1,60611.0,66708,67438.7,67315.4,67315.5,73489512,451.1,0.0001,UTC+8,"[0.0067, -0.013, 0.0324, -0.0045, 0.0682, 0.9792]","[0.003, 0.0036, 0.0067]"
1730031860091,BTC_USDT,67310.1,0.0066,67320.6,67342.9,242638186,1626759593.34138,74077.1,60608.6,66708,67438.7,67310.0,67310.1,73494484,445.8,0.0001,UTC+8,"[0.0066, -0.0131, 0.0323, -0.0046, 0.0682, 0.979]","[0.0029, 0.0035, 0.0066]"
1730031862100,BTC_USDT,67314.4,0.0067,67312.6,67334.9,242644848,1626804439.06812,74068.3,60601.4,66708,67438.7,67314.4,67314.5,73504880,450.1,0.0001,UTC+8,"[0.0067, -0.013, 0.0324, -0.0045, 0.0682, 0.9792]","[0.003, 0.0036, 0.0067]"
1730031864093,BTC_USDT,67319.2,0.0068,67314.5,67335.2,242645108,1626806189.27366,74068.7,60601.6,66708,67438.7,67319.2,67319.3,73955261,454.9,0.0001,UTC+8,"[0.0068, -0.013, 0.0325, -0.0045, 0.0683, 0.9793]","[0.0031, 0.0036, 0.0068]"
1730031867100,BTC_USDT,67319.2,0.0068,67320.7,67343.0,242659576,1626903581.44727,74077.3,60608.7,66708,67438.7,67319.2,67319.3,73539983,454.9,0.0001,UTC+8,"[0.0068, -0.013, 0.0325, -0.0045, 0.0683, 0.9793]","[0.0031, 0.0036, 0.0068]"
1730031869097,BTC_USDT,67329,0.0069,67326.2,67348.5,242661433,1626916086.74278,74083.3,60613.6,66708,67438.7,67329.0,67329.1,73541488,464.7,0.0001,UTC+8,"[0.0069, -0.0128, 0.0326, -0.0043, 0.0685, 0.9796]","[0.0032, 0.0038, 0.0069]"
1730031871099,BTC_USDT,67329,0.0069,67329,67348.5,242676448,1627017177.24876,74083.3,60613.6,66708,67438.7,67329.0,67329.1,73938110,464.7,0.0001,UTC+8,"[0.0069, -0.0128, 0.0326, -0.0043, 0.0685, 0.9796]","[0.0032, 0.0038, 0.0069]"
1730031873097,BTC_USDT,67329.9,0.0069,67330,67351.0,242690168,1627109559.37136,74086.1,60615.9,66708,67438.7,67329.9,67330,73508688,465.6,0.0001,UTC+8,"[0.0069, -0.0128, 0.0326, -0.0043, 0.0685, 0.9796]","[0.0032, 0.0038, 0.0069]"
1730031875103,BTC_USDT,67329.9,0.0069,67329.9,67351.0,242692117,1627122680.626,74086.1,60615.9,66708,67438.7,67329.9,67330,73513487,465.6,0.0001,UTC+8,"[0.0069, -0.0128, 0.0326, -0.0043, 0.0685, 0.9796]","[0.0032, 0.0038, 0.0069]"
1730031878105,BTC_USDT,67330,0.0069,67329.9,67351.8,242698876,1627168184.93252,74086.9,60616.6,66708,67438.7,67329.9,67330,73529249,465.7,0.0001,UTC+8,"[0.0069, -0.0128, 0.0326, -0.0043, 0.0685, 0.9796]","[0.0032, 0.0038, 0.0069]"
1730031880098,BTC_USDT,67329.9,0.0069,67329.9,67351.8,242712656,1627260970.96042,74086.9,60616.6,66708,67438.7,67329.9,67330,73558389,465.6,0.0001,UTC+8,"[0.0069, -0.0128, 0.0326, -0.0043, 0.0685, 0.9796]","[0.0032, 0.0038, 0.0069]"
1730031882091,BTC_USDT,67329.9,0.0069,67330,67351.8,242729510,1627374446.17816,74086.9,60616.6,66708,67438.7,67329.9,67330,73587366,465.6,0.0001,UTC+8,"[0.0069, -0.0128, 0.0326, -0.0043, 0.0685, 0.9796]","[0.0032, 0.0038, 0.0069]"
1730031884091,BTC_USDT,67329.9,0.0069,67330,67351.8,242733604,1627402013.73488,74086.9,60616.6,66708,67438.7,67329.9,67330,74047560,465.6,0.0001,UTC+8,"[0.0069, -0.0128, 0.0326, -0.0043, 0.0685, 0.9796]","[0.0032, 0.0038, 0.0069]"
1730031886097,BTC_USDT,67329.9,0.0069,67329.9,67351.8,242750964,1627518893.22128,74086.9,60616.6,66708,67438.7,67329.9,67330,74075161,465.6,0.0001,UTC+8,"[0.0069, -0.0128, 0.0326, -0.0043, 0.0685, 0.9796]","[0.0032, 0.0038, 0.0069]"
1730031889094,BTC_USDT,67330,0.0069,67330.4,67352.5,242753316,1627534734.62277,74087.7,60617.2,66708,67438.7,67329.9,67330,74018492,465.7,0.0001,UTC+8,"[0.0069, -0.0128, 0.0326, -0.0043, 0.0685, 0.9796]","[0.0032, 0.0038, 0.0069]"
1730031891098,BTC_USDT,67329.3,0.0069,67330.2,67352.3,242755412,1627548841.50638,74087.5,60617.0,66708,67438.7,67329.1,67329.2,74021654,465.0,0.0001,UTC+8,"[0.0069, -0.0128, 0.0326, -0.0043, 0.0685, 0.9796]","[0.0032, 0.0038, 0.0069]"
1730031893093,BTC_USDT,67320.4,0.0068,67329.9,67352.0,242760311,1627581827.2841,74087.2,60616.8,66708,67438.7,67320.4,67320.5,74033555,456.1,0.0001,UTC+8,"[0.0068, -0.0129, 0.0325, -0.0044, 0.0683, 0.9793]","[0.0031, 0.0037, 0.0068]"
1730031895088,BTC_USDT,67329.8,0.0069,67330.4,67352.5,242760961,1627586206.03888,74087.7,60617.2,66708,67438.7,67329.8,67329.9,73584541,465.5,0.0001,UTC+8,"[0.0069, -0.0128, 0.0326, -0.0043, 0.0685, 0.9796]","[0.0032, 0.0038, 0.0069]"
1730031898098,BTC_USDT,67330,0.0069,67330.4,67352.5,242761989,1627593127.55467,74087.7,60617.2,66708,67438.7,67329.9,67330,74036967,465.7,0.0001,UTC+8,"[0.0069, -0.0128, 0.0326, -0.0043, 0.0685, 0.9796]","[0.0032, 0.0038, 0.0069]"
1730031900123,BTC_USDT,67329.9,0.0069,67330.6,67352.6,242762720,1627598050.72408,74087.8,60617.3,66708,67438.7,67329.9,67330,73659822,465.6,0.0001,UTC+8,"[0.0069, -0.0128, 0.0326, -0.0043, 0.0685, 0.9796]","[0.0032, 0.0038, 0.0069]"
1730031902092,BTC_USDT,67330,0.0069,67330.6,67352.6,242762835,1627598820.9792,74087.8,60617.3,66708,67438.7,67334.5,67334.6,73641283,465.7,0.0001,UTC+8,"[0.0069, -0.0128, 0.0326, -0.0043, 0.0685, 0.9796]","[0.0032, 0.0038, 0.0069]"
1730031904101,BTC_USDT,67334.6,0.007,67337.6,67359.6,242788681,1627772848.73725,74095.5,60623.6,66708,67438.7,67334.5,67334.6,73723044,470.3,0.0001,UTC+8,"[0.007, -0.0127, 0.0327, -0.0042, 0.0685, 0.9798]","[0.0033, 0.0039, 0.007]"
1730031907101,BTC_USDT,67335.8,0.007,67337.6,67359.6,242793684,1627806532.67488,74095.5,60623.6,66708,67438.7,67338.2,67338.3,73735350,471.5,0.0001,UTC+8,"[0.007, -0.0127, 0.0327, -0.0042, 0.0686, 0.9798]","[0.0033, 0.0039, 0.007]"
1730031909101,BTC_USDT,67338.2,0.007,67338.3,67359.6,242814417,1627946149.00528,74095.5,60623.6,66708,67438.7,67338.2,67338.3,73715171,473.9,0.0001,UTC+8,"[0.007, -0.0127, 0.0327, -0.0042, 0.0686, 0.9799]","[0.0033, 0.0039, 0.007]"
1730031911091,BTC_USDT,67338.2,0.007,67338.2,67359.6,242816983,1627963425.30093,74095.5,60623.6,66708,67438.7,67338.2,67338.3,74168589,473.9,0.0001,UTC+8,"[0.007, -0.0127, 0.0327, -0.0042, 0.0686, 0.9799]","[0.0033, 0.0039, 0.007]"
1730031913088,BTC_USDT,67338.3,0.007,67338.3,67359.6,242836034,1628091712.84298,74095.5,60623.6,66708,67438.7,67338.2,67338.3,73836508,474.0,0.0001,UTC+8,"[0.007, -0.0127, 0.0327, -0.0042, 0.0686, 0.9799]","[0.0034, 0.0039, 0.007]"
1730031915097,BTC_USDT,67338.3,0.007,67338.2,67359.6,242849743,1628184025.54737,74095.5,60623.6,66708,67438.7,67338.2,67338.3,74115131,474.0,0.0001,UTC+8,"[0.007, -0.0127, 0.0327, -0.0042, 0.0686, 0.9799]","[0.0034, 0.0039, 0.007]"
1730031918125,BTC_USDT,67338.2,0.007,67338.3,67359.6,242852072,1628199707.26887,74095.5,60623.6,66708,67438.7,67338.2,67338.3,74117946,473.9,0.0001,UTC+8,"[0.007, -0.0127, 0.0327, -0.0042, 0.0686, 0.9799]","[0.0033, 0.0039, 0.007]"
1730031920100,BTC_USDT,67338.2,0.007,67338.2,67359.6,242855722,1628224288.42795,74095.5,60623.6,66708,67438.7,67338.2,67338.3,73673374,473.9,0.0001,UTC+8,"[0.007, -0.0127, 0.0327, -0.0042, 0.0686, 0.9799]","[0.0033, 0.0039, 0.007]"
1730031922099,BTC_USDT,67338.3,0.007,67338.2,67359.6,242857004,1628232923.89129,74095.5,60623.6,66708,67438.7,67338.2,67338.3,73747460,474.0,0.0001,UTC+8,"[0.007, -0.0127, 0.0327, -0.0042, 0.0686, 0.9799]","[0.0034, 0.0039, 0.007]"
1730031924102,BTC_USDT,67338.3,0.007,67338.2,67359.6,242858364,1628242081.89135,74095.5,60623.6,66708,67438.7,67338.2,67338.3,74126037,474.0,0.0001,UTC+8,"[0.007, -0.0127, 0.0327, -0.0042, 0.0686, 0.9799]","[0.0034, 0.0039, 0.007]"
1730031927099,BTC_USDT,67338.2,0.007,67338.2,67359.6,242860457,1628256174.43324,74095.5,60623.6,66708,67438.7,67338.2,67338.3,74125863,473.9,0.0001,UTC+8,"[0.007, -0.0127, 0.0327, -0.0042, 0.0686, 0.9799]","[0.0033, 0.0039, 0.007]"
1730031929101,BTC_USDT,67338.3,0.007,67338.2,67359.6,242863818,1628278805.45966,74095.5,60623.6,66708,67438.7,67338.2,67338.3,73668514,474.0,0.0001,UTC+8,"[0.007, -0.0127, 0.0327, -0.0042, 0.0686, 0.9799]","[0.0034, 0.0039, 0.007]"
1730031931103,BTC_USDT,67338.2,0.007,67338.3,67359.6,242864433,1628282948.11184,74095.5,60623.6,66708,67438.7,67338.2,67338.3,73670021,473.9,0.0001,UTC+8,"[0.007, -0.0127, 0.0327, -0.0042, 0.0686, 0.9799]","[0.0033, 0.0039, 0.007]"
1730031933089,BTC_USDT,67338.3,0.007,67338.2,67359.6,242865477,1628289978.22199,74095.5,60623.6,66708,67438.7,67338.2,67338.3,73678748,474.0,0.0001,UTC+8,"[0.007, -0.0127, 0.0327, -0.0042, 0.0686, 0.9799]","[0.0034, 0.0039, 0.007]"
1730031935096,BTC_USDT,67338.3,0.007,67338.2,67359.6,242872281,1628335795.17361,74095.5,60623.6,66708,67438.7,67338.2,67338.3,73759908,474.0,0.0001,UTC+8,"[0.007, -0.0127, 0.0327, -0.0042, 0.0686, 0.9799]","[0.0034, 0.0039, 0.007]"
1730031938086,BTC_USDT,67336.3,0.007,67337.9,67359.6,242880364,1628390220.59765,74095.5,60623.6,66708,67438.7,67336.2,67336.3,73688683,472.0,0.0001,UTC+8,"[0.007, -0.0127, 0.0327, -0.0042, 0.0686, 0.9798]","[0.0033, 0.0039, 0.007]"
1730031940101,BTC_USDT,67324.9,0.0068,67337.4,67358.9,242895941,1628495098.34307,74094.7,60623.0,66708,67438.7,67324.8,67324.9,73697538,460.6,0.0001,UTC+8,"[0.0068, -0.0129, 0.0325, -0.0044, 0.0684, 0.9795]","[0.0032, 0.0037, 0.0068]"
1730031942096,BTC_USDT,67320.4,0.0068,67329.7,67351.3,243033164,1629418890.59064,74086.4,60616.1,66708,67438.7,67320.3,67320.5,74507423,456.1,0.0001,UTC+8,"[0.0068, -0.0129, 0.0325, -0.0044, 0.0683, 0.9793]","[0.0031, 0.0037, 0.0068]"
1730031944095,BTC_USDT,67315.2,0.0067,67325.6,67347.3,243051137,1629539882.79841,74082.0,60612.5,66708,67438.7,67315.2,67315.3,74525306,450.9,0.0001,UTC+8,"[0.0067, -0.013, 0.0324, -0.0045, 0.0682, 0.9792]","[0.003, 0.0036, 0.0067]"
1730031947090,BTC_USDT,67305.5,0.0065,67317.1,67338.9,243087784,1629786561.61994,74072.7,60605.0,66708,67438.7,67305.5,67305.6,74158601,441.2,0.0001,UTC+8,"[0.0065, -0.0132, 0.0322, -0.0047, 0.0681, 0.9789]","[0.0029, 0.0034, 0.0065]"
1730031949085,BTC_USDT,67305.5,0.0065,67313,67334.9,243117127,1629984057.49471,74068.3,60601.4,66708,67438.7,67305.5,67305.6,74165226,441.2,0.0001,UTC+8,"[0.0065, -0.0132, 0.0322, -0.0047, 0.0681, 0.9789]","[0.0029, 0.0034, 0.0065]"
1730031951085,BTC_USDT,67305.5,0.0065,67313.2,67335.1,243173965,1630366611.67316,74068.6,60601.5,66708,67438.7,67305.5,67305.6,73569315,441.2,0.0001,UTC+8,"[0.0065, -0.0132, 0.0322, -0.0047, 0.0681, 0.9789]","[0.0029, 0.0034, 0.0065]"
1730031953099,BTC_USDT,67305.6,0.0065,67313.2,67335.1,243194457,1630504534.25576,74068.6,60601.5,66708,67438.7,67305.5,67305.6,73606967,441.3,0.0001,UTC+8,"[0.0065, -0.0132, 0.0322, -0.0047, 0.0681, 0.9789]","[0.0029, 0.0034, 0.0065]"
1730031955098,BTC_USDT,67305.5,0.0065,67313.2,67335.2,243201514,1630552030.4618,74068.7,60601.6,66708,67438.7,67305.5,67305.6,74073652,441.2,0.0001,UTC+8,"[0.0065, -0.0132, 0.0322, -0.0047, 0.0681, 0.9789]","[0.0029, 0.0034, 0.0065]"
1730031958091,BTC_USDT,67311.5,0.0066,67313.5,67335.6,243222216,1630691381.15029,74069.1,60602.0,66708,67438.7,67311.5,67311.6,73672864,447.2,0.0001,UTC+8,"[0.0066, -0.0131, 0.0323, -0.0046, 0.0682, 0.9791]","[0.003, 0.0035, 0.0066]"
1730031960098,BTC_USDT,67311.5,0.0066,67313.5,67335.6,243280843,1631086004.82006,74069.1,60602.0,66708,67438.7,67311.5,67313,74124861,447.2,0.0001,UTC+8,"[0.0066, -0.0131, 0.0323, -0.0046, 0.0682, 0.9791]","[0.003, 0.0035, 0.0066]"
1730031962091,BTC_USDT,67315.1,0.0067,67316.2,67338.3,243283197,1631101853.31119,74072.1,60604.4,66708,67438.7,67315.1,67315.2,74127270,450.8,0.0001,UTC+8,"[0.0067, -0.013, 0.0324, -0.0045, 0.0682, 0.9792]","[0.003, 0.0036, 0.0067]"
1730031964105,BTC_USDT,67324.3,0.0068,67322,67344.2,243300692,1631219633.66816,74078.6,60609.7,66708,67438.7,67324.3,67324.4,74148556,460.0,0.0001,UTC+8,"[0.0068, -0.0129, 0.0325, -0.0044, 0.0684, 0.9794]","[0.0031, 0.0037, 0.0068]"
1730031966095,BTC_USDT,67330,0.0069,67324.3,67346.1,243301499,1631225062.70794,74080.7,60611.4,66708,67438.7,67334.5,67334.6,74148575,465.7,0.0001,UTC+8,"[0.0069, -0.0128, 0.0326, -0.0043, 0.0685, 0.9796]","[0.0032, 0.0038, 0.0069]"
1730031969100,BTC_USDT,67343.9,0.0071,67342,67364.2,243307264,1631263887.21762,74100.6,60627.7,66708,67438.7,67343.8,67343.9,74151331,479.6,0.0001,UTC+8,"[0.0071, -0.0126, 0.0328, -0.0041, 0.0687, 0.98]","[0.0034, 0.004, 0.0071]"
1730031971092,BTC_USDT,67340.6,0.0071,67345.8,67367.9,243479616,1632424567.3839,74104.6,60631.1,66708,67438.7,67340.5,67340.6,74124228,476.3,0.0001,UTC+8,"[0.0071, -0.0126, 0.0328, -0.0041, 0.0686, 0.9799]","[0.0034, 0.004, 0.0071]"
1730031973098,BTC_USDT,67340.5,0.0071,67345.7,67367.9,243491144,1632502197.6158,74104.6,60631.1,66708,67438.7,67340.5,67340.6,74578459,476.2,0.0001,UTC+8,"[0.0071, -0.0127, 0.0328, -0.0041, 0.0686, 0.9799]","[0.0034, 0.004, 0.0071]"
1730031975097,BTC_USDT,67350,0.0072,67347.5,67369.7,243492499,1632511324.5488,74106.6,60632.7,66708,67438.7,67349.9,67350,74579718,485.7,0.0001,UTC+8,"[0.0072, -0.0125, 0.0329, -0.004, 0.0688, 0.9802]","[0.0035, 0.0041, 0.0072]"
1730031978098,BTC_USDT,67357,0.0073,67363.4,67385.7,243540861,1632837045.96814,74124.2,60647.1,66708,67438.7,67357.6,67357.7,74106368,492.7,0.0001,UTC+8,"[0.0073, -0.0124, 0.033, -0.0039, 0.0689, 0.9804]","[0.0036, 0.0042, 0.0073]"
1730031980087,BTC_USDT,67359.5,0.0074,67363.8,67386.2,243582362,1633116585.65318,74124.8,60647.5,66708,67438.7,67359.7,67359.8,74150010,495.2,0.0001,UTC+8,"[0.0074, -0.0124, 0.0331, -0.0039, 0.0689, 0.9805]","[0.0037, 0.0042, 0.0074]"
1730031982097,BTC_USDT,67365.9,0.0075,67367.4,67389.9,243599053,1633229025.47596,74128.8,60650.9,66708,67438.7,67366.5,67366.6,74184863,501.6,0.0001,UTC+8,"[0.0075, -0.0123, 0.0332, -0.0038, 0.069, 0.9807]","[0.0038, 0.0043, 0.0075]"
1730031984098,BTC_USDT,67384.5,0.0077,67378.4,67400.0,243741580,1634189357.64449,74140.0,60660.0,66708,67438.7,67384.4,67384.5,74573699,520.2,0.0001,UTC+8,"[0.0077, -0.012, 0.0335, -0.0035, 0.0693, 0.9812]","[0.004, 0.0046, 0.0077]"
1730031986088,BTC_USDT,67384.4,0.0077,67384.5,67400.1,243847420,1634902555.20952,74140.1,60660.0,66708,67438.7,67384.4,67384.5,74143566,520.1,0.0001,UTC+8,"[0.0077, -0.012, 0.0335, -0.0035, 0.0693, 0.9812]","[0.004, 0.0046, 0.0077]"
1730031989090,BTC_USDT,67387.7,0.0078,67387.7,67405.1,243872459,1635071277.15485,74145.6,60664.5,66708,67438.7,67387.6,67387.7,74216454,523.4,0.0001,UTC+8,"[0.0078, -0.012, 0.0335, -0.0034, 0.0694, 0.9813]","[0.0041, 0.0047, 0.0078]"
1730031991090,BTC_USDT,67387.8,0.0078,67387.6,67409.6,243887043,1635169555.35402,74150.5,60668.6,66708,67438.7,67387.7,67387.8,74178854,523.5,0.0001,UTC+8,"[0.0078, -0.012, 0.0335, -0.0034, 0.0694, 0.9813]","[0.0041, 0.0047, 0.0078]"
1730031993091,BTC_USDT,67388.9,0.0078,67389.2,67411.7,243947610,1635577711.3346,74152.8,60670.5,66708,67438.7,67388.9,67389,74638589,524.6,0.0001,UTC+8,"[0.0078, -0.0119, 0.0335, -0.0034, 0.0694, 0.9813]","[0.0041, 0.0047, 0.0078]"
1730031995099,BTC_USDT,67376.2,0.0076,67383.1,67405.6,243966870,1635707488.16849,74146.1,60665.0,66708,67438.7,67376.2,67376.3,74216588,511.9,0.0001,UTC+8,"[0.0076, -0.0121, 0.0333, -0.0036, 0.0692, 0.981]","[0.0039, 0.0045, 0.0076]"
1730031998112,BTC_USDT,67376.2,0.0076,67382.6,67405.3,243992994,1635883501.78892,74145.8,60664.7,66708,67438.7,67376.2,67376.3,73848657,511.9,0.0001,UTC+8,"[0.0076, -0.0121, 0.0333, -0.0036, 0.0692, 0.981]","[0.0039, 0.0045, 0.0076]"
1730032000099,BTC_USDT,67372.2,0.0075,67378.6,67401.4,244045070,1636234363.41005,74141.5,60661.2,66708,67438.7,67372.2,67372.3,74420678,507.9,0.0001,UTC+8,"[0.0075, -0.0122, 0.0333, -0.0037, 0.0691, 0.9809]","[0.0039, 0.0044, 0.0075]"
1730032002104,BTC_USDT,67372.3,0.0075,67378.8,67401.6,244085600,1636507420.24404,74141.7,60661.4,66708,67438.7,67372.2,67372.3,74519924,508.0,0.0001,UTC+8,"[0.0075, -0.0122, 0.0333, -0.0037, 0.0691, 0.9809]","[0.0039, 0.0044, 0.0075]"
1730032004099,BTC_USDT,67372.2,0.0075,67378.7,67401.6,244089915,1636536492.69635,74141.7,60661.4,66708,67438.7,67372.2,67372.3,74080240,507.9,0.0001,UTC+8,"[0.0075, -0.0122, 0.0333, -0.0037, 0.0691, 0.9809]","[0.0039, 0.0044, 0.0075]"
1730032006083,BTC_USDT,67372.2,0.0075,67378.6,67401.6,244092688,1636555179.05092,74141.7,60661.4,66708,67438.7,67372.2,67372.3,74086237,507.9,0.0001,UTC+8,"[0.0075, -0.0122, 0.0333, -0.0037, 0.0691, 0.9809]","[0.0039, 0.0044, 0.0075]"
1730032009096,BTC_USDT,67372.2,0.0075,67378.5,67401.6,244115884,1636711450.22893,74141.7,60661.4,66708,67438.7,67372.2,67372.3,74141651,507.9,0.0001,UTC+8,"[0.0075, -0.0122, 0.0333, -0.0037, 0.0691, 0.9809]","[0.0039, 0.0044, 0.0075]"
1730032011091,BTC_USDT,67364.2,0.0074,67372.2,67394.0,244118303,1636727748.52947,74133.4,60654.6,66708,67438.7,67364.2,67364.3,74595235,499.9,0.0001,UTC+8,"[0.0074, -0.0123, 0.0331, -0.0038, 0.069, 0.9806]","[0.0037, 0.0043, 0.0074]"
1730032013099,BTC_USDT,67364.3,0.0074,67369.5,67392.6,244121080,1636746454.24648,74131.8,60653.3,66708,67438.7,67364.2,67364.3,74223169,500.0,0.0001,UTC+8,"[0.0074, -0.0123, 0.0331, -0.0038, 0.069, 0.9806]","[0.0037, 0.0043, 0.0074]"
1730032015099,BTC_USDT,67355.4,0.0073,67362.2,67385.4,244121124,1636746755.99934,74123.9,60646.8,66708,67438.7,67350.6,67350.7,73971941,491.1,0.0001,UTC+8,"[0.0073, -0.0124, 0.033, -0.0039, 0.0689, 0.9804]","[0.0036, 0.0042, 0.0073]"
1730032017098,BTC_USDT,67350.6,0.0072,67361.5,67384.8,244125334,1636775108.84496,74123.2,60646.3,66708,67438.7,67350.6,67350.7,74351568,486.3,0.0001,UTC+8,"[0.0072, -0.0125, 0.0329, -0.004, 0.0688, 0.9802]","[0.0035, 0.0041, 0.0072]"
1730032020101,BTC_USDT,67350.6,0.0072,67360.8,67384.2,244130246,1636808191.4962,74122.6,60645.7,66708,67438.7,67350.6,67350.7,73971701,486.3,0.0001,UTC+8,"[0.0072, -0.0125, 0.0329, -0.004, 0.0688, 0.9802]","[0.0035, 0.0041, 0.0072]"
1730032022097,BTC_USDT,67344.2,0.0071,67354.7,67378.1,244132750,1636825055.9156,74115.9,60640.2,66708,67438.7,67344.1,67344.2,74356320,479.9,0.0001,UTC+8,"[0.0071, -0.0126, 0.0328, -0.0041, 0.0687, 0.98]","[0.0034, 0.004, 0.0071]"
1730032024099,BTC_USDT,67343.7,0.0071,67352.9,67376.4,244141434,1636883537.32729,74114.0,60638.7,66708,67438.7,67343.7,67343.8,73926980,479.4,0.0001,UTC+8,"[0.0071, -0.0126, 0.0328, -0.0041, 0.0687, 0.98]","[0.0034, 0.004, 0.0071]"
1730032026094,BTC_USDT,67343.8,0.0071,67352.5,67376.0,244158459,1636998188.70363,74113.6,60638.4,66708,67438.7,67343.7,67343.8,73968005,479.5,0.0001,UTC+8,"[0.0071, -0.0126, 0.0328, -0.0041, 0.0687, 0.98]","[0.0034, 0.004, 0.0071]"
1730032029088,BTC_USDT,67343.7,0.0071,67352.1,67375.8,244160812,1637014033.32946,74113.3,60638.2,66708,67438.7,67343.7,67343.8,73970166,479.4,0.0001,UTC+8,"[0.0071, -0.0126, 0.0328, -0.0041, 0.0687, 0.98]","[0.0034, 0.004, 0.0071]"
1730032031086,BTC_USDT,67343.8,0.0071,67348,67371.8,244162103,1637022728.74804,74108.9,60634.6,66708,67438.7,67337.2,67337.3,73985099,479.5,0.0001,UTC+8,"[0.0071, -0.0126, 0.0328, -0.0041, 0.0687, 0.98]","[0.0034, 0.004, 0.0071]"
1730032033100,BTC_USDT,67336.1,0.007,67347.7,67371.5,244269938,1637748860.54663,74108.6,60634.3,66708,67438.7,67336.1,67336.2,74177832,471.8,0.0001,UTC+8,"[0.007, -0.0127, 0.0327, -0.0042, 0.0686, 0.9798]","[0.0033, 0.0039, 0.007]"
1730032035102,BTC_USDT,67332.9,0.007,67343.6,67367.5,244281276,1637825202.75304,74104.2,60630.7,66708,67438.7,67332.8,67332.9,74205274,468.6,0.0001,UTC+8,"[0.007, -0.0128, 0.0327, -0.0043, 0.0685, 0.9797]","[0.0033, 0.0038, 0.007]"
1730032037089,BTC_USDT,67323.6,0.0068,67335.6,67359.4,244300949,1637957659.23256,74095.3,60623.4,66708,67438.7,67323.6,67323.7,74685842,459.3,0.0001,UTC+8,"[0.0068, -0.0129, 0.0325, -0.0044, 0.0684, 0.9794]","[0.0031, 0.0037, 0.0068]"
1730032040122,BTC_USDT,67321.3,0.0068,67334,67358.0,244302850,1637970455.95788,74093.8,60622.2,66708,67438.7,67320.5,67320.6,74688255,457.0,0.0001,UTC+8,"[0.0068, -0.0129, 0.0325, -0.0044, 0.0683, 0.9794]","[0.0031, 0.0037, 0.0068]"
1730032042089,BTC_USDT,67316.7,0.0067,67323.6,67347.9,244320702,1638090631.19164,74082.6,60613.1,66708,67438.7,67315.5,67315.6,74692327,452.4,0.0001,UTC+8,"[0.0067, -0.013, 0.0324, -0.0045, 0.0683, 0.9792]","[0.003, 0.0036, 0.0067]"
1730032044098,BTC_USDT,67325.6,0.0068,67322.8,67350.7,244330269,1638155032.98484,74085.7,60615.6,66708,67438.7,67325.6,67325.7,74699259,461.3,0.0001,UTC+8,"[0.0068, -0.0129, 0.0326, -0.0044, 0.0684, 0.9795]","[0.0032, 0.0037, 0.0068]"
1730032046095,BTC_USDT,67329.9,0.0069,67326.8,67351.2,244392094,1638571272.86516,74086.3,60616.0,66708,67438.7,67329.9,67330,74344411,465.6,0.0001,UTC+8,"[0.0069, -0.0128, 0.0326, -0.0043, 0.0685, 0.9796]","[0.0032, 0.0038, 0.0069]"
1730032049102,BTC_USDT,67337.1,0.007,67330.4,67354.5,244396783,1638602842.76801,74089.9,60619.0,66708,67438.7,67337.1,67337.2,74274866,472.8,0.0001,UTC+8,"[0.007, -0.0127, 0.0327, -0.0042, 0.0686, 0.9798]","[0.0033, 0.0039, 0.007]"
1730032051104,BTC_USDT,67337.1,0.007,67337.2,67360.4,244465070,1639062669.55652,74096.4,60624.3,66708,67438.7,67337.1,67337.2,74729115,472.8,0.0001,UTC+8,"[0.007, -0.0127, 0.0327, -0.0042, 0.0686, 0.9798]","[0.0033, 0.0039, 0.007]"
1730032053100,BTC_USDT,67337.2,0.007,67337.1,67360.2,244466868,1639074779.47759,74096.2,60624.1,66708,67438.7,67337.1,67337.2,73833744,472.9,0.0001,UTC+8,"[0.007, -0.0127, 0.0327, -0.0042, 0.0686, 0.9798]","[0.0033, 0.0039, 0.007]"
1730032055097,BTC_USDT,67337.1,0.007,67337.1,67360.2,244469604,1639093202.93545,74096.2,60624.1,66708,67438.7,67337.1,67337.2,73836711,472.8,0.0001,UTC+8,"[0.007, -0.0127, 0.0327, -0.0042, 0.0686, 0.9798]","[0.0033, 0.0039, 0.007]"
1730032057091,BTC_USDT,67337.1,0.007,67337.2,67360.2,244470320,1639098024.27616,74096.2,60624.1,66708,67438.7,67337.1,67337.2,74287527,472.8,0.0001,UTC+8,"[0.007, -0.0127, 0.0327, -0.0042, 0.0686, 0.9798]","[0.0033, 0.0039, 0.007]"
1730032060102,BTC_USDT,67337.1,0.007,67337.1,67360.2,244474295,1639124786.74647,74096.2,60624.1,66708,67438.7,67337.1,67337.2,73843761,472.8,0.0001,UTC+8,"[0.007, -0.0127, 0.0327, -0.0042, 0.0686, 0.9798]","[0.0033, 0.0039, 0.007]"
1730032062101,BTC_USDT,67337.2,0.007,67337.1,67360.2,244503106,1639318793.28654,74096.2,60624.1,66708,67438.7,67337.1,67337.2,74364233,472.9,0.0001,UTC+8,"[0.007, -0.0127, 0.0327, -0.0042, 0.0686, 0.9798]","[0.0033, 0.0039, 0.007]"
1730032064099,BTC_USDT,67337.1,0.007,67337.1,67360.2,244503876,1639323980.93672,74096.2,60624.1,66708,67438.7,67337.1,67337.2,73916013,472.8,0.0001,UTC+8,"[0.007, -0.0127, 0.0327, -0.0042, 0.0686, 0.9798]","[0.0033, 0.0039, 0.007]"
1730032066097,BTC_USDT,67337.1,0.007,67337.1,67360.2,244508428,1639354627.43492,74096.2,60624.1,66708,67438.7,67337.1,67337.2,74374972,472.8,0.0001,UTC+8,"[0.007, -0.0127, 0.0327, -0.0042, 0.0686, 0.9798]","[0.0033, 0.0039, 0.007]"
1730032068098,BTC_USDT,67337.1,0.007,67337.1,67360.0,244509920,1639364679.51735,74096.0,60624.0,66708,67438.7,67337.1,67337.2,73925219,472.8,0.0001,UTC+8,"[0.007, -0.0127, 0.0327, -0.0042, 0.0686, 0.9798]","[0.0033, 0.0039, 0.007]"
1730032071122,BTC_USDT,67337.1,0.007,67337.1,67361.6,244516666,1639410102.47153,74097.7,60625.4,66708,67438.7,67337.1,67337.2,73931698,472.8,0.0001,UTC+8,"[0.007, -0.0127, 0.0327, -0.0042, 0.0686, 0.9798]","[0.0033, 0.0039, 0.007]"
1730032073103,BTC_USDT,67337.2,0.007,67337.2,67361.6,244523008,1639452804.96938,74097.7,60625.4,66708,67438.7,67337.1,67337.2,74363857,472.9,0.0001,UTC+8,"[0.007, -0.0127, 0.0327, -0.0042, 0.0686, 0.9798]","[0.0033, 0.0039, 0.007]"
1730032075093,BTC_USDT,67337.1,0.007,67337.4,67362.1,244560226,1639703422.88164,74098.3,60625.8,66708,67438.7,67337.1,67337.2,73988144,472.8,0.0001,UTC+8,"[0.007, -0.0127, 0.0327, -0.0042, 0.0686, 0.9798]","[0.0033, 0.0039, 0.007]"
1730032077098,BTC_USDT,67344.7,0.0071,67341.9,67366.6,244574070,1639796651.96116,74103.2,60629.9,66708,67438.7,67344.7,67344.8,73937368,480.4,0.0001,UTC+8,"[0.0071, -0.0126, 0.0328, -0.0041, 0.0687, 0.98]","[0.0034, 0.004, 0.0071]"
1730032079104,BTC_USDT,67348.6,0.0072,67348.5,67373.0,244576248,1639811317.04344,74110.3,60635.7,66708,67438.7,67348.5,67348.6,73942722,484.3,0.0001,UTC+8,"[0.0072, -0.0125, 0.0329, -0.004, 0.0688, 0.9802]","[0.0035, 0.0041, 0.0072]"
1730032082096,BTC_USDT,67343,0.0071,67348.9,67372.4,244584678,1639868093.05551,74109.6,60635.1,66708,67438.7,67337.1,67337.2,73956032,478.7,0.0001,UTC+8,"[0.0071, -0.0126, 0.0328, -0.0041, 0.0687, 0.98]","[0.0034, 0.004, 0.0071]"
1730032084097,BTC_USDT,67337.1,0.007,67341.1,67365.9,244698403,1640633882.88427,74102.4,60629.3,66708,67438.7,67337.1,67337.2,74288885,472.8,0.0001,UTC+8,"[0.007, -0.0127, 0.0327, -0.0042, 0.0686, 0.9798]","[0.0033, 0.0039, 0.007]"
1730032086099,BTC_USDT,67333,0.007,67340.9,67365.8,244698443,1640634152.23241,74102.3,60629.2,66708,67438.7,67331.8,67331.9,74217740,468.7,0.0001,UTC+8,"[0.007, -0.0128, 0.0327, -0.0043, 0.0685, 0.9797]","[0.0033, 0.0038, 0.007]"
1730032088091,BTC_USDT,67322,0.0068,67337.9,67362.7,244698483,1640634421.55659,74098.9,60626.4,66708,67438.7,67317.8,67317.9,74217813,457.7,0.0001,UTC+8,"[0.0068, -0.0129, 0.0325, -0.0044, 0.0683, 0.9794]","[0.0031, 0.0037, 0.0068]"
1730032091085,BTC_USDT,67317.3,0.0067,67328.1,67353.1,244709268,1640707022.97162,74088.4,60617.7,66708,67438.7,67317.2,67317.3,73885823,453.0,0.0001,UTC+8,"[0.0067, -0.013, 0.0324, -0.0045, 0.0683, 0.9792]","[0.003, 0.0036, 0.0067]"
1730032093100,BTC_USDT,67327.9,0.0069,67328.5,67353.6,244759355,1641044197.29404,74088.9,60618.2,66708,67438.7,67327.9,67328,74266848,463.6,0.0001,UTC+8,"[0.0069, -0.0128, 0.0326, -0.0043, 0.0684, 0.9796]","[0.0032, 0.0038, 0.0069]"
1730032095100,BTC_USDT,67332.9,0.007,67329.1,67354.2,244827857,1641505439.81487,74089.6,60618.7,66708,67438.7,67332.9,67333,73842500,468.6,0.0001,UTC+8,"[0.007, -0.0128, 0.0327, -0.0043, 0.0685, 0.9797]","[0.0033, 0.0038, 0.007]"
1730032097104,BTC_USDT,67333,0.007,67333,67354.2,244827891,1641505666.05364,74089.6,60618.7,66708,67438.7,67332.9,67333,74292626,468.7,0.0001,UTC+8,"[0.007, -0.0128, 0.0327, -0.0043, 0.0685, 0.9797]","[0.0033, 0.0038, 0.007]"
1730032099101,BTC_USDT,67333,0.007,67333,67354.3,244827904,1641505757.62641,74089.7,60618.8,66708,67438.7,67332.9,67333,73913726,468.7,0.0001,UTC+8,"[0.007, -0.0128, 0.0327, -0.0043, 0.0685, 0.9797]","[0.0033, 0.0038, 0.007]"
1730032102122,BTC_USDT,67333.4,0.007,67333.5,67356.3,244829608,1641517225.85087,74091.9,60620.6,66708,67438.7,67333.4,67333.5,74295833,469.1,0.0001,UTC+8,"[0.007, -0.0128, 0.0327, -0.0043, 0.0685, 0.9797]","[0.0033, 0.0038, 0.007]"
1730032104101,BTC_USDT,67333.4,0.007,67333.5,67356.3,244829774,1641518346.2791,74091.9,60620.6,66708,67438.7,67333.4,67333.5,74296241,469.1,0.0001,UTC+8,"[0.007, -0.0128, 0.0327, -0.0043, 0.0685, 0.9797]","[0.0033, 0.0038, 0.007]"
1730032106103,BTC_USDT,67333.5,0.007,67333.4,67356.3,244829812,1641518604.83946,74091.9,60620.6,66708,67438.7,67333.4,67333.5,73846115,469.2,0.0001,UTC+8,"[0.007, -0.0128, 0.0327, -0.0042, 0.0685, 0.9797]","[0.0033, 0.0039, 0.007]"
1730032108102,BTC_USDT,67333.5,0.007,67335,67360.0,244829824,1641518685.6396,74096.0,60624.0,66708,67438.7,67333.4,67333.5,74296241,469.2,0.0001,UTC+8,"[0.007, -0.0128, 0.0327, -0.0042, 0.0685, 0.9797]","[0.0033, 0.0039, 0.007]"
1730032110104,BTC_USDT,67333.1,0.007,67334.8,67359.9,244858374,1641710919.82247,74095.8,60623.9,66708,67438.7,67333.1,67333.2,74360750,468.8,0.0001,UTC+8,"[0.007, -0.0128, 0.0327, -0.0043, 0.0685, 0.9797]","[0.0033, 0.0038, 0.007]"
1730032113099,BTC_USDT,67333.1,0.007,67334.7,67359.9,244863920,1641748265.46634,74095.8,60623.9,66708,67438.7,67333.1,67333.2,74373599,468.8,0.0001,UTC+8,"[0.007, -0.0128, 0.0327, -0.0043, 0.0685, 0.9797]","[0.0033, 0.0038, 0.007]"
1730032115102,BTC_USDT,67333.1,0.007,67334.6,67359.9,244864478,1641752019.96008,74095.8,60623.9,66708,67438.7,67333.1,67333.2,74274259,468.8,0.0001,UTC+8,"[0.007, -0.0128, 0.0327, -0.0043, 0.0685, 0.9797]","[0.0033, 0.0038, 0.007]"
1730032117095,BTC_USDT,67333.1,0.007,67334.4,67359.7,244865666,1641760019.13658,74095.6,60623.7,66708,67438.7,67330.0,67330.1,73898267,468.8,0.0001,UTC+8,"[0.007, -0.0128, 0.0327, -0.0043, 0.0685, 0.9797]","[0.0033, 0.0038, 0.007]"
1730032119085,BTC_USDT,67330.1,0.0069,67334.3,67359.7,244866028,1641762459.23701,74095.6,60623.7,66708,67438.7,67330.0,67330.1,73898267,465.8,0.0001,UTC+8,"[0.0069, -0.0128, 0.0326, -0.0043, 0.0685, 0.9796]","[0.0032, 0.0038, 0.0069]"
1730032122094,BTC_USDT,67330,0.0069,67334.3,67359.7,244873262,1641811163.09008,74095.6,60623.7,66708,67438.7,67330.0,67330.1,73907168,465.7,0.0001,UTC+8,"[0.0069, -0.0128, 0.0326, -0.0043, 0.0685, 0.9796]","[0.0032, 0.0038, 0.0069]"
1730032124097,BTC_USDT,67330,0.0069,67334.2,67359.7,244873620,1641813576.19746,74095.6,60623.7,66708,67438.7,67330.0,67330.1,73836740,465.7,0.0001,UTC+8,"[0.0069, -0.0128, 0.0326, -0.0043, 0.0685, 0.9796]","[0.0032, 0.0038, 0.0069]"
1730032126096,BTC_USDT,67332.9,0.007,67334.5,67360.0,244884599,1641887493.89931,74096.0,60624.0,66708,67438.7,67332.9,67333,73836959,468.6,0.0001,UTC+8,"[0.007, -0.0128, 0.0327, -0.0043, 0.0685, 0.9797]","[0.0033, 0.0038, 0.007]"
1730032128094,BTC_USDT,67333.1,0.007,67334.4,67360.0,244885297,1641892196.44097,74096.0,60624.0,66708,67438.7,67333.1,67333.2,73837307,468.8,0.0001,UTC+8,"[0.007, -0.0128, 0.0327, -0.0043, 0.0685, 0.9797]","[0.0033, 0.0038, 0.007]"
1730032130100,BTC_USDT,67333.1,0.007,67334.4,67360.0,244887571,1641907505.30266,74096.0,60624.0,66708,67438.7,67333.1,67333.2,73909413,468.8,0.0001,UTC+8,"[0.007, -0.0128, 0.0327, -0.0043, 0.0685, 0.9797]","[0.0033, 0.0038, 0.007]"
1730032133093,BTC_USDT,67333.2,0.007,67334.1,67359.7,244887784,1641908938.15256,74095.6,60623.7,66708,67438.7,67333.1,67333.2,74240251,468.9,0.0001,UTC+8,"[0.007, -0.0128, 0.0327, -0.0043, 0.0685, 0.9797]","[0.0033, 0.0038, 0.007]"
1730032135097,BTC_USDT,67330.2,0.0069,67334.1,67359.7,244887896,1641909692.25753,74095.6,60623.7,66708,67438.7,67330.2,67330.3,73790337,465.9,0.0001,UTC+8,"[0.0069, -0.0128, 0.0326, -0.0043, 0.0685, 0.9796]","[0.0032, 0.0038, 0.0069]"
1730032137099,BTC_USDT,67330.2,0.0069,67334,67359.7,244888156,1641911442.84424,74095.6,60623.7,66708,67438.7,67330.2,67330.3,73790745,465.9,0.0001,UTC+8,"[0.0069, -0.0128, 0.0326, -0.0043, 0.0685, 0.9796]","[0.0032, 0.0038, 0.0069]"
1730032139097,BTC_USDT,67330.2,0.0069,67334,67359.7,244896655,1641968668.13167,74095.6,60623.7,66708,67438.7,67330.2,67330.3,73863063,465.9,0.0001,UTC+8,"[0.0069, -0.0128, 0.0326, -0.0043, 0.0685, 0.9796]","[0.0032, 0.0038, 0.0069]"
1730032141089,BTC_USDT,67330.2,0.0069,67334,67359.7,244897115,1641971765.32097,74095.6,60623.7,66708,67438.7,67330.2,67330.3,74243068,465.9,0.0001,UTC+8,"[0.0069, -0.0128, 0.0326, -0.0043, 0.0685, 0.9796]","[0.0032, 0.0038, 0.0069]"
1730032144097,BTC_USDT,67330.2,0.0069,67334.1,67359.9,244905152,1642025877.25735,74095.8,60623.9,66708,67438.7,67330.9,67333.2,74261598,465.9,0.0001,UTC+8,"[0.0069, -0.0128, 0.0326, -0.0043, 0.0685, 0.9796]","[0.0032, 0.0038, 0.0069]"
1730032146098,BTC_USDT,67333.4,0.007,67335.3,67361.1,244906536,1642035201.5594,74097.2,60624.9,66708,67438.7,67333.3,67333.4,73814743,469.1,0.0001,UTC+8,"[0.007, -0.0128, 0.0327, -0.0043, 0.0685, 0.9797]","[0.0033, 0.0038, 0.007]"
1730032148100,BTC_USDT,67333.3,0.007,67335.3,67361.1,244906794,1642036936.06525,74097.2,60624.9,66708,67438.7,67333.3,67333.4,74265477,469.0,0.0001,UTC+8,"[0.007, -0.0128, 0.0327, -0.0043, 0.0685, 0.9797]","[0.0033, 0.0038, 0.007]"
1730032150088,BTC_USDT,67333.4,0.007,67335.3,67361.1,244910088,1642059112.96793,74097.2,60624.9,66708,67438.7,67333.3,67333.4,74272457,469.1,0.0001,UTC+8,"[0.007, -0.0128, 0.0327, -0.0043, 0.0685, 0.9797]","[0.0033, 0.0038, 0.007]"
1730032152102,BTC_USDT,67333.3,0.007,67335.2,67361.1,244915551,1642095898.49844,74097.2,60624.9,66708,67438.7,67333.3,67333.4,74272486,469.0,0.0001,UTC+8,"[0.007, -0.0128, 0.0327, -0.0043, 0.0685, 0.9797]","[0.0033, 0.0038, 0.007]"
1730032155103,BTC_USDT,67333.3,0.007,67335.2,67361.1,244935575,1642230726.85728,74097.2,60624.9,66708,67438.7,67333.3,67333.4,74257087,469.0,0.0001,UTC+8,"[0.007, -0.0128, 0.0327, -0.0043, 0.0685, 0.9797]","[0.0033, 0.0038, 0.007]"
1730032157104,BTC_USDT,67333.4,0.007,67335.1,67361.1,244935663,1642231319.39119,74097.2,60624.9,66708,67438.7,67333.3,67333.4,73878337,469.1,0.0001,UTC+8,"[0.007, -0.0128, 0.0327, -0.0043, 0.0685, 0.9797]","[0.0033, 0.0038, 0.007]"
1730032159103,BTC_USDT,67333.3,0.007,67335.1,67361.1,244940566,1642264334.25665,74097.2,60624.9,66708,67438.7,67333.3,67333.4,73874235,469.0,0.0001,UTC+8,"[0.007, -0.0128, 0.0327, -0.0043, 0.0685, 0.9797]","[0.0033, 0.0038, 0.007]"
1730032161097,BTC_USDT,67333.4,0.007,67335.2,67361.1,244941076,1642267765.56171,74097.2,60624.9,66708,67438.7,67333.3,67333.4,74254368,469.1,0.0001,UTC+8,"[0.007, -0.0128, 0.0327, -0.0043, 0.0685, 0.9797]","[0.0033, 0.0038, 0.007]"
1730032164091,BTC_USDT,67333.3,0.007,67335,67361.0,244941380,1642269817.88119,74097.1,60624.9,66708,67438.7,67333.3,67333.4,73804353,469.0,0.0001,UTC+8,"[0.007, -0.0128, 0.0327, -0.0043, 0.0685, 0.9797]","[0.0033, 0.0038, 0.007]"
1730032166095,BTC_USDT,67333.4,0.007,67334.8,67360.8,244942793,1642279330.73783,74096.8,60624.7,66708,67438.7,67333.3,67333.4,73878106,469.1,0.0001,UTC+8,"[0.007, -0.0128, 0.0327, -0.0043, 0.0685, 0.9797]","[0.0033, 0.0038, 0.007]"
1730032168100,BTC_USDT,67333.3,0.007,67334.7,67360.8,244947956,1642314096.27695,74096.8,60624.7,66708,67438.7,67333.3,67333.4,74259386,469.0,0.0001,UTC+8,"[0.007, -0.0128, 0.0327, -0.0043, 0.0685, 0.9797]","[0.0033, 0.0038, 0.007]"
1730032170105,BTC_USDT,67333.3,0.007,67334.7,67360.8,244951899,1642340641.77965,74096.8,60624.7,66708,67438.7,67333.3,67333.4,73814702,469.0,0.0001,UTC+8,"[0.007, -0.0128, 0.0327, -0.0043, 0.0685, 0.9797]","[0.0033, 0.0038, 0.007]"
1730032172098,BTC_USDT,67333.3,0.007,67334.7,67360.9,244952852,1642347057.30599,74096.9,60624.8,66708,67438.7,67333.3,67333.4,73816873,469.0,0.0001,UTC+8,"[0.007, -0.0128, 0.0327, -0.0043, 0.0685, 0.9797]","[0.0033, 0.0038, 0.007]"
1730032175099,BTC_USDT,67333.4,0.007,67335.8,67362.0,244954116,1642355568.23833,74098.2,60625.8,66708,67438.7,67333.4,67333.5,73888833,469.1,0.0001,UTC+8,"[0.007, -0.0128, 0.0327, -0.0043, 0.0685, 0.9797]","[0.0033, 0.0038, 0.007]"
1730032177089,BTC_USDT,67333.4,0.007,67335.7,67362.0,244954354,1642357173.46836,74098.2,60625.8,66708,67438.7,67333.4,67333.5,73780463,469.1,0.0001,UTC+8,"[0.007, -0.0128, 0.0327, -0.0043, 0.0685, 0.9797]","[0.0033, 0.0038, 0.007]"
1730032179106,BTC_USDT,67334.9,0.007,67335.7,67362.0,244968369,1642451542.73131,74098.2,60625.8,66708,67438.7,67334.9,67335,74265087,470.6,0.0001,UTC+8,"[0.007, -0.0127, 0.0327, -0.0042, 0.0686, 0.9798]","[0.0033, 0.0039, 0.007]"
1730032181094,BTC_USDT,67334.9,0.007,67335.7,67362.1,244968392,1642451698.94828,74098.3,60625.8,66708,67438.7,67334.9,67335,73815062,470.6,0.0001,UTC+8,"[0.007, -0.0127, 0.0327, -0.0042, 0.0686, 0.9798]","[0.0033, 0.0039, 0.007]"
1730032183100,BTC_USDT,67335,0.007,67335.7,67362.1,244973605,1642486799.29639,74098.3,60625.8,66708,67438.7,67334.9,67335,73815685,470.7,0.0001,UTC+8,"[0.007, -0.0127, 0.0327, -0.0042, 0.0686, 0.9798]","[0.0033, 0.0039, 0.007]"
1730032186099,BTC_USDT,67335,0.007,67337.4,67363.9,244978544,1642520057.38461,74100.2,60627.5,66708,67438.7,67335.0,67335.1,73823776,470.7,0.0001,UTC+8,"[0.007, -0.0127, 0.0327, -0.0042, 0.0686, 0.9798]","[0.0033, 0.0039, 0.007]"
1730032188094,BTC_USDT,67335.8,0.007,67337.4,67363.9,244979036,1642523370.28524,74100.2,60627.5,66708,67438.7,67335.9,67336,73896210,471.5,0.0001,UTC+8,"[0.007, -0.0127, 0.0327, -0.0042, 0.0686, 0.9798]","[0.0033, 0.0039, 0.007]"
1730032190103,BTC_USDT,67336.6,0.007,67337.4,67363.9,244980599,1642533890.84686,74100.2,60627.5,66708,67438.7,67336.6,67336.7,74278924,472.3,0.0001,UTC+8,"[0.007, -0.0127, 0.0327, -0.0042, 0.0686, 0.9798]","[0.0033, 0.0039, 0.007]"
