timestamp,symbol,lastPrice,riseFallRate,fairPrice,indexPrice,volume24,amount24,maxBidPrice,minAskPrice,lower24Price,high24Price,bid1,ask1,holdVol,riseFallValue,fundingRate,zone,riseFallRates,riseFallRatesOfTimezone
1730116999102,BTC_USDT,68736.2,0.0144,68736.4,68763.5,607285636,4122668968.50826,75639.8,61887.1,67095,68818.8,68736.2,68736.3,85501402,976.2,0.0001,UTC+8,"[0.0144, 0.0019, 0.0418, 0.0098, 0.131, 1.0098]","[0.0243, 0.0109, 0.0144]"
1730117001103,BTC_USDT,68736.2,0.0144,68736.5,68763.5,607287394,4122681052.33225,75639.8,61887.1,67095,68818.8,68736.2,68736.3,85584336,976.2,0.0001,UTC+8,"[0.0144, 0.0019, 0.0418, 0.0098, 0.131, 1.0098]","[0.0243, 0.0109, 0.0144]"
1730117004092,BTC_USDT,68736.3,0.0144,68736.4,68763.4,607290484,4122702291.81875,75639.7,61887.0,67095,68818.8,68736.2,68736.3,85513898,976.3,0.0001,UTC+8,"[0.0144, 0.0019, 0.0418, 0.0098, 0.131, 1.0098]","[0.0243, 0.0109, 0.0144]"
1730117006086,BTC_USDT,68736.3,0.0144,68736.4,68763.4,607291029,4122706039.66044,75639.7,61887.0,67095,68818.8,68736.2,68736.3,85513898,976.3,0.0001,UTC+8,"[0.0144, 0.0019, 0.0418, 0.0098, 0.131, 1.0098]","[0.0243, 0.0109, 0.0144]"
1730117008088,BTC_USDT,68736.2,0.0144,68736.4,68763.4,607291277,4122707740.88143,75639.7,61887.0,67095,68818.8,68736.2,68736.3,85971468,976.2,0.0001,UTC+8,"[0.0144, 0.0019, 0.0418, 0.0098, 0.131, 1.0098]","[0.0243, 0.0109, 0.0144]"
1730117010106,BTC_USDT,68736.3,0.0144,68736.5,68763.4,607291998,4122712700.20379,75639.7,61887.0,67095,68818.8,68736.2,68736.3,85514938,976.3,0.0001,UTC+8,"[0.0144, 0.0019, 0.0418, 0.0098, 0.131, 1.0098]","[0.0243, 0.0109, 0.0144]"
1730117012085,BTC_USDT,68725.5,0.0142,68736.3,68759.9,607292097,4122713375.46353,75635.8,61883.9,67095,68818.8,68725.5,68725.6,85587464,965.5,0.0001,UTC+8,"[0.0142, 0.0017, 0.0417, 0.0096, 0.1309, 1.0095]","[0.0242, 0.0107, 0.0142]"
1730117015093,BTC_USDT,68725.5,0.0142,68733.0,68759.9,607293914,4122725864.60594,75635.8,61883.9,67095,68818.8,68725.5,68725.6,85590212,965.5,0.0001,UTC+8,"[0.0142, 0.0017, 0.0417, 0.0096, 0.1309, 1.0095]","[0.0242, 0.0107, 0.0142]"
1730117017097,BTC_USDT,68725.3,0.0142,68727.4,68754.3,607309148,4122830561.03244,75629.7,61878.8,67095,68818.8,68716.9,68717.0,85558452,965.3,0.0001,UTC+8,"[0.0142, 0.0017, 0.0417, 0.0096, 0.1309, 1.0095]","[0.0242, 0.0107, 0.0142]"
1730117019084,BTC_USDT,68705.4,0.0139,68722.4,68738.5,607317507,4122887997.70378,75612.3,61864.6,67095,68818.8,68705.4,68705.5,85560170,945.4,0.0001,UTC+8,"[0.0139, 0.0014, 0.0414, 0.0093, 0.1305, 1.0089]","[0.0239, 0.0104, 0.0139]"
1730117021082,BTC_USDT,68705.1,0.0139,68711.6,68738.4,607317774,4122889826.97864,75612.2,61864.5,67095,68818.8,68705.1,68705.2,85561180,945.1,0.0001,UTC+8,"[0.0139, 0.0014, 0.0413, 0.0093, 0.1305, 1.0089]","[0.0239, 0.0104, 0.0139]"
1730117024090,BTC_USDT,68705.1,0.0139,68711.7,68738.6,607323956,4122932302.18913,75612.4,61864.7,67095,68818.8,68705.1,68705.2,86031090,945.1,0.0001,UTC+8,"[0.0139, 0.0014, 0.0413, 0.0093, 0.1305, 1.0089]","[0.0239, 0.0104, 0.0139]"
1730117026099,BTC_USDT,68705.1,0.0139,68711.6,68738.5,607324160,4122933703.77417,75612.3,61864.6,67095,68818.8,68705.1,68705.2,86031616,945.1,0.0001,UTC+8,"[0.0139, 0.0014, 0.0413, 0.0093, 0.1305, 1.0089]","[0.0239, 0.0104, 0.0139]"
1730117028090,BTC_USDT,68698.5,0.0138,68705.1,68729.0,607373248,4123270954.74187,75601.9,61856.1,67095,68818.8,68695.2,68695.3,86040416,938.5,0.0001,UTC+8,"[0.0138, 0.0013, 0.0412, 0.0092, 0.1304, 1.0087]","[0.0238, 0.0103, 0.0138]"
1730117030096,BTC_USDT,68694.0,0.0137,68700.2,68727.3,608416091,4130434668.0815,75600.0,61854.5,67095,68818.8,68694.8,68694.9,88816566,934.0,0.0001,UTC+8,"[0.0137, 0.0012, 0.0412, 0.0092, 0.1303, 1.0086]","[0.0237, 0.0103, 0.0137]"
1730117032095,BTC_USDT,68705.0,0.0139,68705.0,68735.8,608420646,4130465963.4127,75609.3,61862.2,67095,68818.8,68705.0,68705.1,88363240,945.0,0.0001,UTC+8,"[0.0139, 0.0014, 0.0413, 0.0093, 0.1305, 1.0089]","[0.0239, 0.0104, 0.0139]"
1730117035093,BTC_USDT,68705.1,0.0139,68709.0,68736.2,608425002,4130495891.33117,75609.8,61862.5,67095,68818.8,68705.1,68705.2,85947136,945.1,0.0001,UTC+8,"[0.0139, 0.0014, 0.0413, 0.0093, 0.1305, 1.0089]","[0.0239, 0.0104, 0.0139]"
1730117037097,BTC_USDT,68705.2,0.0139,68709.0,68736.2,608425050,4130496215.96319,75609.8,61862.5,67095,68818.8,68705.1,68705.2,85947212,945.2,0.0001,UTC+8,"[0.0139, 0.0014, 0.0413, 0.0093, 0.1305, 1.0089]","[0.0239, 0.0104, 0.0139]"
1730117039097,BTC_USDT,68705.1,0.0139,68709.0,68736.3,608425155,4130496937.36706,75609.9,61862.6,67095,68818.8,68705.1,68705.2,85490232,945.1,0.0001,UTC+8,"[0.0139, 0.0014, 0.0413, 0.0093, 0.1305, 1.0089]","[0.0239, 0.0104, 0.0139]"
1730117041094,BTC_USDT,68705.1,0.0139,68709.0,68736.3,608478721,4130864967.06255,75609.9,61862.6,67095,68818.8,68705.1,68705.2,86090042,945.1,0.0001,UTC+8,"[0.0139, 0.0014, 0.0413, 0.0093, 0.1305, 1.0089]","[0.0239, 0.0104, 0.0139]"
1730117043085,BTC_USDT,68708.1,0.0139,68709.1,68736.4,608479713,4130871784.61327,75610.0,61862.7,67095,68818.8,68708.1,68708.2,85635398,948.1,0.0001,UTC+8,"[0.0139, 0.0015, 0.0414, 0.0094, 0.1306, 1.009]","[0.0239, 0.0105, 0.0139]"
1730117046098,BTC_USDT,68708.3,0.0139,68711.2,68738.5,608485117,4130908912.80632,75612.3,61864.6,67095,68818.8,68708.2,68708.3,85649798,948.3,0.0001,UTC+8,"[0.0139, 0.0015, 0.0414, 0.0094, 0.1306, 1.009]","[0.0239, 0.0105, 0.0139]"
1730117048093,BTC_USDT,68708.2,0.0139,68711.3,68738.6,608490786,4130947860.05037,75612.4,61864.7,67095,68818.8,68708.2,68708.3,86107528,948.2,0.0001,UTC+8,"[0.0139, 0.0015, 0.0414, 0.0094, 0.1306, 1.009]","[0.0239, 0.0105, 0.0139]"
1730117050101,BTC_USDT,68708.2,0.0139,68711.4,68738.7,608493148,4130964092.36271,75612.5,61864.8,67095,68818.8,68708.2,68708.3,85729072,948.2,0.0001,UTC+8,"[0.0139, 0.0015, 0.0414, 0.0094, 0.1306, 1.009]","[0.0239, 0.0105, 0.0139]"
1730117052099,BTC_USDT,68708.2,0.0139,68711.3,68738.6,608495431,4130979778.44491,75612.4,61864.7,67095,68818.8,68708.2,68708.3,85500960,948.2,0.0001,UTC+8,"[0.0139, 0.0015, 0.0414, 0.0094, 0.1306, 1.009]","[0.0239, 0.0105, 0.0139]"
1730117055100,BTC_USDT,68708.3,0.0139,68711.2,68738.6,608499061,4131004719.52311,75612.4,61864.7,67095,68818.8,68708.2,68708.3,85529842,948.3,0.0001,UTC+8,"[0.0139, 0.0015, 0.0414, 0.0094, 0.1306, 1.009]","[0.0239, 0.0105, 0.0139]"
1730117057100,BTC_USDT,68711.8,0.014,68714.7,68742.1,608509909,4131079254.26528,75616.3,61867.8,67095,68818.8,68711.8,68711.9,85530484,951.8,0.0001,UTC+8,"[0.014, 0.0015, 0.0414, 0.0094, 0.1306, 1.0091]","[0.024, 0.0105, 0.014]"
1730117059098,BTC_USDT,68715.8,0.0141,68715.5,68742.9,608510733,4131084917.9976,75617.1,61868.6,67095,68818.8,68715.7,68715.8,85988620,955.8,0.0001,UTC+8,"[0.0141, 0.0016, 0.0415, 0.0095, 0.1307, 1.0092]","[0.024, 0.0106, 0.0141]"
1730117061103,BTC_USDT,68715.7,0.0141,68715.8,68742.9,608510751,4131085041.6859,75617.1,61868.6,67095,68818.8,68715.7,68715.8,85531654,955.7,0.0001,UTC+8,"[0.0141, 0.0016, 0.0415, 0.0095, 0.1307, 1.0092]","[0.024, 0.0106, 0.0141]"
1730117064096,BTC_USDT,68715.8,0.0141,68715.7,68742.9,608517306,4131130079.70153,75617.1,61868.6,67095,68818.8,68715.7,68715.8,85541080,955.8,0.0001,UTC+8,"[0.0141, 0.0016, 0.0415, 0.0095, 0.1307, 1.0092]","[0.024, 0.0106, 0.0141]"
1730117066086,BTC_USDT,68715.7,0.0141,68715.8,68742.9,608518881,4131140902.4357,75617.1,61868.6,67095,68818.8,68715.7,68715.8,85616314,955.7,0.0001,UTC+8,"[0.0141, 0.0016, 0.0415, 0.0095, 0.1307, 1.0092]","[0.024, 0.0106, 0.0141]"
1730117068091,BTC_USDT,68715.7,0.0141,68715.7,68742.8,608520098,4131149266.85455,75617.0,61868.5,67095,68818.8,68713.7,68713.8,86004058,955.7,0.0001,UTC+8,"[0.0141, 0.0016, 0.0415, 0.0095, 0.1307, 1.0092]","[0.024, 0.0106, 0.0141]"
1730117070101,BTC_USDT,68710.0,0.014,68715.2,68742.6,608520118,4131149405.99504,75616.8,61868.3,67095,68818.8,68710.0,68710.1,86004074,950.0,0.0001,UTC+8,"[0.014, 0.0015, 0.0414, 0.0094, 0.1306, 1.009]","[0.0239, 0.0105, 0.014]"
1730117072084,BTC_USDT,68709.9,0.014,68715.1,68742.6,608522595,4131166422.01806,75616.8,61868.3,67095,68818.8,68709.9,68710.0,86010452,949.9,0.0001,UTC+8,"[0.014, 0.0015, 0.0414, 0.0094, 0.1306, 1.009]","[0.0239, 0.0105, 0.014]"
1730117075092,BTC_USDT,68714.9,0.014,68716.8,68744.4,608641305,4131982138.10835,75618.8,61869.9,67095,68818.8,68714.8,68715.0,85573434,954.9,0.0001,UTC+8,"[0.014, 0.0016, 0.0415, 0.0095, 0.1307, 1.0092]","[0.024, 0.0106, 0.014]"
1730117077094,BTC_USDT,68715.0,0.014,68716.7,68744.4,608663696,4132135993.99092,75618.8,61869.9,67095,68818.8,68714.9,68715.0,86033676,955.0,0.0001,UTC+8,"[0.014, 0.0016, 0.0415, 0.0095, 0.1307, 1.0092]","[0.024, 0.0106, 0.014]"
1730117079097,BTC_USDT,68714.9,0.014,68716.7,68744.4,608665710,4132149836.61384,75618.8,61869.9,67095,68818.8,68714.9,68715.0,86039022,954.9,0.0001,UTC+8,"[0.014, 0.0016, 0.0415, 0.0095, 0.1307, 1.0092]","[0.024, 0.0106, 0.014]"
1730117081091,BTC_USDT,68715.0,0.014,68716.7,68744.4,608667610,4132162890.72853,75618.8,61869.9,67095,68818.8,68714.9,68715.0,86039432,955.0,0.0001,UTC+8,"[0.014, 0.0016, 0.0415, 0.0095, 0.1307, 1.0092]","[0.024, 0.0106, 0.014]"
1730117083101,BTC_USDT,68715.0,0.014,68716.6,68744.3,608667696,4132163483.39465,75618.7,61869.8,67095,68818.8,68714.9,68715.0,85654876,955.0,0.0001,UTC+8,"[0.014, 0.0016, 0.0415, 0.0095, 0.1307, 1.0092]","[0.024, 0.0106, 0.014]"
1730117086089,BTC_USDT,68703.5,0.0139,68715.0,68742.2,608668225,4132167116.38401,75616.4,61867.9,67095,68818.8,68703.5,68703.6,85583048,943.5,0.0001,UTC+8,"[0.0139, 0.0014, 0.0413, 0.0093, 0.1305, 1.0088]","[0.0238, 0.0104, 0.0139]"
1730117088119,BTC_USDT,68703.5,0.0139,68710.6,68738.4,608669322,4132174649.723,75612.2,61864.5,67095,68818.8,68703.5,68703.6,86042950,943.5,0.0001,UTC+8,"[0.0139, 0.0014, 0.0413, 0.0093, 0.1305, 1.0088]","[0.0238, 0.0104, 0.0139]"
1730117090098,BTC_USDT,68712.2,0.014,68715.5,68743.3,608708431,4132443378.50679,75617.6,61868.9,67095,68818.8,68712.2,68712.3,85672488,952.2,0.0001,UTC+8,"[0.014, 0.0015, 0.0415, 0.0094, 0.1306, 1.0091]","[0.024, 0.0105, 0.014]"
1730117092095,BTC_USDT,68714.5,0.014,68715.6,68743.4,608711912,4132467295.51109,75617.7,61869.0,67095,68818.8,68714.5,68714.6,85607996,954.5,0.0001,UTC+8,"[0.014, 0.0015, 0.0415, 0.0095, 0.1307, 1.0092]","[0.024, 0.0106, 0.014]"
1730117095098,BTC_USDT,68714.9,0.014,68717.3,68745.2,608712653,4132472387.26295,75619.7,61870.6,67095,68818.8,68714.9,68715.0,86066908,954.9,0.0001,UTC+8,"[0.014, 0.0016, 0.0415, 0.0095, 0.1307, 1.0092]","[0.024, 0.0106, 0.014]"
1730117097095,BTC_USDT,68715.0,0.014,68717.3,68745.2,608713089,4132475386.67203,75619.7,61870.6,67095,68818.8,68715.6,68715.7,85612046,955.0,0.0001,UTC+8,"[0.014, 0.0016, 0.0415, 0.0095, 0.1307, 1.0092]","[0.024, 0.0106, 0.014]"
1730117099087,BTC_USDT,68729.0,0.0143,68729.4,68757.3,608723549,4132547271.20528,75633.0,61881.5,67095,68818.8,68729.0,68729.1,85704996,969.0,0.0001,UTC+8,"[0.0143, 0.0018, 0.0417, 0.0097, 0.1309, 1.0096]","[0.0242, 0.0108, 0.0143]"
1730117101087,BTC_USDT,68720.1,0.0141,68729.1,68757.0,608725268,4132559085.11566,75632.7,61881.3,67095,68818.8,68720.1,68720.2,85635420,960.1,0.0001,UTC+8,"[0.0141, 0.0016, 0.0416, 0.0095, 0.1308, 1.0093]","[0.0241, 0.0106, 0.0141]"
1730117103084,BTC_USDT,68720.1,0.0141,68728.8,68756.8,608729995,4132591570.82592,75632.4,61881.1,67095,68818.8,68720.1,68720.2,85647762,960.1,0.0001,UTC+8,"[0.0141, 0.0016, 0.0416, 0.0095, 0.1308, 1.0093]","[0.0241, 0.0106, 0.0141]"
1730117106099,BTC_USDT,68720.1,0.0141,68728.6,68756.7,608731384,4132601116.056,75632.3,61881.0,67095,68818.8,68720.1,68720.2,85720410,960.1,0.0001,UTC+8,"[0.0141, 0.0016, 0.0416, 0.0095, 0.1308, 1.0093]","[0.0241, 0.0106, 0.0141]"
1730117108099,BTC_USDT,68720.1,0.0141,68728.4,68756.7,608731420,4132601363.44854,75632.3,61881.0,67095,68818.8,68720.1,68720.2,85648138,960.1,0.0001,UTC+8,"[0.0141, 0.0016, 0.0416, 0.0095, 0.1308, 1.0093]","[0.0241, 0.0106, 0.0141]"
1730117110095,BTC_USDT,68720.1,0.0141,68728.5,68756.9,608732459,4132608501.75796,75632.5,61881.2,67095,68818.8,68720.1,68720.2,85650898,960.1,0.0001,UTC+8,"[0.0141, 0.0016, 0.0416, 0.0095, 0.1308, 1.0093]","[0.0241, 0.0106, 0.0141]"
1730117112097,BTC_USDT,68727.7,0.0142,68729.0,68757.4,608743612,4132685147.17104,75633.1,61881.6,67095,68818.8,68727.7,68727.8,86137604,967.7,0.0001,UTC+8,"[0.0142, 0.0017, 0.0417, 0.0097, 0.1309, 1.0095]","[0.0242, 0.0108, 0.0142]"
1730117115094,BTC_USDT,68727.7,0.0142,68729.0,68757.5,608746689,4132706291.25825,75633.2,61881.7,67095,68818.8,68729.0,68729.1,86102816,967.7,0.0001,UTC+8,"[0.0142, 0.0017, 0.0417, 0.0097, 0.1309, 1.0095]","[0.0242, 0.0108, 0.0142]"
1730117117091,BTC_USDT,68741.7,0.0144,68740.9,68769.4,608765196,4132833506.39646,75646.3,61892.4,67095,68818.8,68744.9,68745.0,85691120,981.7,0.0001,UTC+8,"[0.0144, 0.0019, 0.0419, 0.0099, 0.1311, 1.0099]","[0.0244, 0.011, 0.0144]"
1730117119119,BTC_USDT,68748.4,0.0145,68748.5,68776.5,608770572,4132870463.82094,75654.1,61898.8,67095,68818.8,68748.4,68748.5,86148702,988.4,0.0001,UTC+8,"[0.0145, 0.002, 0.042, 0.01, 0.1312, 1.0101]","[0.0245, 0.0111, 0.0145]"
1730117121092,BTC_USDT,68744.3,0.0145,68748.4,68776.4,608772122,4132881121.55108,75654.0,61898.7,67095,68818.8,68744.2,68744.3,86149630,984.3,0.0001,UTC+8,"[0.0145, 0.002, 0.0419, 0.0099, 0.1312, 1.01]","[0.0244, 0.011, 0.0145]"
1730117124085,BTC_USDT,68744.3,0.0145,68747.7,68776.3,608776245,4132909468.25791,75653.9,61898.6,67095,68818.8,68744.2,68744.3,85769686,984.3,0.0001,UTC+8,"[0.0145, 0.002, 0.0419, 0.0099, 0.1312, 1.01]","[0.0244, 0.011, 0.0145]"
1730117126100,BTC_USDT,68754.8,0.0146,68752.6,68781.2,608784584,4132966794.20202,75659.3,61903.0,67095,68818.8,68754.7,68754.8,85697934,994.8,0.0001,UTC+8,"[0.0146, 0.0021, 0.0421, 0.0101, 0.1313, 1.0103]","[0.0246, 0.0112, 0.0146]"
1730117128098,BTC_USDT,68754.8,0.0146,68754.8,68781.2,608786223,4132978066.54437,75659.3,61903.0,67095,68818.8,68754.7,68754.8,86156958,994.8,0.0001,UTC+8,"[0.0146, 0.0021, 0.0421, 0.0101, 0.1313, 1.0103]","[0.0246, 0.0112, 0.0146]"
1730117130101,BTC_USDT,68754.8,0.0146,68754.7,68781.2,608787939,4132989864.86679,75659.3,61903.0,67095,68818.8,68754.7,68754.8,86160408,994.8,0.0001,UTC+8,"[0.0146, 0.0021, 0.0421, 0.0101, 0.1313, 1.0103]","[0.0246, 0.0112, 0.0146]"
1730117132097,BTC_USDT,68754.8,0.0146,68754.8,68781.2,608789131,4132998058.71995,75659.3,61903.0,67095,68818.8,68754.7,68754.8,86162596,994.8,0.0001,UTC+8,"[0.0146, 0.0021, 0.0421, 0.0101, 0.1313, 1.0103]","[0.0246, 0.0112, 0.0146]"
1730117135093,BTC_USDT,68760.0,0.0147,68759.5,68788.1,608795208,4133039842.86718,75666.9,61909.2,67095,68818.8,68762.0,68762.1,86167666,1000.0,0.0001,UTC+8,"[0.0147, 0.0022, 0.0422, 0.0101, 0.1314, 1.0105]","[0.0247, 0.0112, 0.0147]"
1730117137085,BTC_USDT,68762.1,0.0147,68762.1,68788.2,608796492,4133048671.74466,75667.0,61909.3,67095,68818.8,68762.0,68762.1,86108108,1002.1,0.0001,UTC+8,"[0.0147, 0.0022, 0.0422, 0.0102, 0.1315, 1.0105]","[0.0247, 0.0113, 0.0147]"
1730117139083,BTC_USDT,68767.0,0.0148,68762.1,68788.3,608800455,4133075917.04892,75667.1,61909.4,67095,68818.8,68770.6,68770.7,86141136,1007.0,0.0001,UTC+8,"[0.0148, 0.0023, 0.0423, 0.0102, 0.1315, 1.0107]","[0.0248, 0.0113, 0.0148]"
1730117141091,BTC_USDT,68770.7,0.0149,68770.7,68798.9,608830197,4133280453.65991,75678.7,61919.0,67095,68818.8,68770.6,68770.7,86141248,1010.7,0.0001,UTC+8,"[0.0149, 0.0024, 0.0423, 0.0103, 0.1316, 1.0108]","[0.0248, 0.0114, 0.0149]"
1730117144091,BTC_USDT,68776.6,0.015,68775.8,68800.6,608855316,4133453207.87303,75680.6,61920.5,67095,68818.8,68776.5,68776.6,85696172,1016.6,0.0001,UTC+8,"[0.015, 0.0025, 0.0424, 0.0104, 0.1317, 1.011]","[0.0249, 0.0115, 0.015]"
1730117146094,BTC_USDT,68779.8,0.015,68778.8,68804.5,608866004,4133526718.54543,75684.9,61924.0,67095,68818.8,68780.7,68781.8,85786630,1019.8,0.0001,UTC+8,"[0.015, 0.0025, 0.0425, 0.0104, 0.1318, 1.0111]","[0.025, 0.0115, 0.015]"
1730117148092,BTC_USDT,68783.0,0.015,68781.7,68810.1,608889064,4133685329.98278,75691.1,61929.0,67095,68818.8,68782.9,68783.0,85746752,1023.0,0.0001,UTC+8,"[0.015, 0.0025, 0.0425, 0.0105, 0.1318, 1.0112]","[0.025, 0.0116, 0.015]"
1730117150130,BTC_USDT,68783.0,0.015,68782.9,68810.2,608894055,4133719656.17775,75691.2,61929.1,67095,68818.8,68783.0,68783.1,85749038,1023.0,0.0001,UTC+8,"[0.015, 0.0025, 0.0425, 0.0105, 0.1318, 1.0112]","[0.025, 0.0116, 0.015]"
1730117152090,BTC_USDT,68774.4,0.0149,68781.1,68809.8,608931029,4133973951.62324,75690.7,61928.8,67095,68818.8,68774.4,68774.5,85584842,1014.4,0.0001,UTC+8,"[0.0149, 0.0024, 0.0424, 0.0103, 0.1317, 1.0109]","[0.0249, 0.0114, 0.0149]"
1730117155091,BTC_USDT,68774.5,0.0149,68780.9,68809.7,608937171,4134016191.16174,75690.6,61928.7,67095,68818.8,68774.4,68774.5,86049470,1014.5,0.0001,UTC+8,"[0.0149, 0.0024, 0.0424, 0.0103, 0.1317, 1.0109]","[0.0249, 0.0114, 0.0149]"
1730117157091,BTC_USDT,68782.8,0.015,68782.9,68810.0,608946782,4134082299.08498,75691.0,61929.0,67095,68818.8,68782.8,68782.9,85678576,1022.8,0.0001,UTC+8,"[0.015, 0.0025, 0.0425, 0.0105, 0.1318, 1.0111]","[0.025, 0.0116, 0.015]"
1730117159101,BTC_USDT,68784.1,0.0151,68783.1,68810.3,608949213,4134099023.43438,75691.3,61929.2,67095,68818.8,68784.0,68784.1,86064982,1024.1,0.0001,UTC+8,"[0.0151, 0.0026, 0.0425, 0.0105, 0.1318, 1.0112]","[0.025, 0.0116, 0.0151]"
1730117161089,BTC_USDT,68785.9,0.0151,68788.4,68817.3,608959506,4134169824.7699,75699.0,61935.5,67095,68818.8,68785.9,68786.0,85630286,1025.9,0.0001,UTC+8,"[0.0151, 0.0026, 0.0426, 0.0105, 0.1319, 1.0112]","[0.0251, 0.0116, 0.0151]"
1730117163092,BTC_USDT,68798.2,0.0153,68801.7,68830.7,609024810,4134619066.052,75713.7,61947.6,67095,68818.8,68798.2,68798.3,86129768,1038.2,0.0001,UTC+8,"[0.0153, 0.0028, 0.0428, 0.0107, 0.1321, 1.0116]","[0.0252, 0.0118, 0.0153]"
1730117166096,BTC_USDT,68798.9,0.0153,68801.7,68830.7,609092353,4135083753.67121,75713.7,61947.6,67095,68818.8,68798.9,68799.0,85848518,1038.9,0.0001,UTC+8,"[0.0153, 0.0028, 0.0428, 0.0107, 0.1321, 1.0116]","[0.0253, 0.0118, 0.0153]"
1730117168088,BTC_USDT,68804.0,0.0154,68801.9,68831.1,609163062,4135570234.77147,75714.2,61947.9,67095,68818.8,68804.9,68805.0,86343208,1044.0,0.0001,UTC+8,"[0.0154, 0.0029, 0.0428, 0.0108, 0.1322, 1.0118]","[0.0253, 0.0119, 0.0154]"
1730117170095,BTC_USDT,68806.7,0.0154,68810.2,68839.3,609209247,4135888018.25552,75723.2,61955.3,67095,68818.8,68806.6,68806.7,86377314,1046.7,0.0001,UTC+8,"[0.0154, 0.0029, 0.0429, 0.0108, 0.1322, 1.0118]","[0.0254, 0.0119, 0.0154]"
1730117172096,BTC_USDT,68806.7,0.0154,68810.1,68839.2,609215728,4135932615.31362,75723.1,61955.2,67095,68818.8,68806.6,68806.7,85995246,1046.7,0.0001,UTC+8,"[0.0154, 0.0029, 0.0429, 0.0108, 0.1322, 1.0118]","[0.0254, 0.0119, 0.0154]"
1730117175095,BTC_USDT,68795.1,0.0152,68801.1,68830.2,609234042,4136058610.18797,75713.2,61947.1,67095,68818.8,68795.1,68795.2,85959852,1035.1,0.0001,UTC+8,"[0.0152, 0.0027, 0.0427, 0.0106, 0.132, 1.0115]","[0.0252, 0.0118, 0.0152]"
1730117177096,BTC_USDT,68795.2,0.0152,68800.9,68830.1,609249630,4136165848.12707,75713.1,61947.0,67095,68818.8,68797.8,68797.9,85969576,1035.2,0.0001,UTC+8,"[0.0152, 0.0027, 0.0427, 0.0106, 0.132, 1.0115]","[0.0252, 0.0118, 0.0152]"
1730117179096,BTC_USDT,68801.5,0.0153,68801.5,68830.3,609252536,4136185838.04935,75713.3,61947.2,67095,68818.8,68798.7,68798.8,85975850,1041.5,0.0001,UTC+8,"[0.0153, 0.0028, 0.0428, 0.0107, 0.1321, 1.0117]","[0.0253, 0.0118, 0.0153]"
1730117181090,BTC_USDT,68801.4,0.0153,68801.6,68830.8,609254839,4136201684.49538,75713.8,61947.7,67095,68818.8,68801.3,68801.4,85523338,1041.4,0.0001,UTC+8,"[0.0153, 0.0028, 0.0428, 0.0107, 0.1321, 1.0117]","[0.0253, 0.0118, 0.0153]"
1730117183095,BTC_USDT,68801.4,0.0153,68801.8,68831.0,609294540,4136474834.27598,75714.1,61947.9,67095,68818.8,68801.3,68801.4,86011106,1041.4,0.0001,UTC+8,"[0.0153, 0.0028, 0.0428, 0.0107, 0.1321, 1.0117]","[0.0253, 0.0118, 0.0153]"
1730117186089,BTC_USDT,68801.4,0.0153,68809.1,68838.4,609296634,4136489241.27828,75722.2,61954.5,67095,68818.8,68801.3,68801.4,85561950,1041.4,0.0001,UTC+8,"[0.0153, 0.0028, 0.0428, 0.0107, 0.1321, 1.0117]","[0.0253, 0.0118, 0.0153]"
1730117188093,BTC_USDT,68802.4,0.0153,68809.2,68838.6,609307584,4136564579.54747,75722.4,61954.7,67095,68818.8,68802.4,68802.5,86020998,1042.4,0.0001,UTC+8,"[0.0153, 0.0028, 0.0428, 0.0108, 0.1321, 1.0117]","[0.0253, 0.0119, 0.0153]"
1730117190099,BTC_USDT,68820.3,0.0156,68829.7,68859.2,609706456,4139309787.45703,75745.1,61973.2,67095,68832.7,68827.3,68827.4,85685774,1060.3,0.0001,UTC+8,"[0.0156, 0.0031, 0.0431, 0.011, 0.1324, 1.0122]","[0.0256, 0.0121, 0.0156]"
1730117192098,BTC_USDT,68814.7,0.0155,68818.9,68848.5,609714403,4139364473.81895,75733.3,61963.6,67095,68832.7,68814.6,68814.7,85050180,1054.7,0.0001,UTC+8,"[0.0155, 0.003, 0.043, 0.0109, 0.1323, 1.0121]","[0.0255, 0.012, 0.0155]"
1730117195089,BTC_USDT,68819.6,0.0156,68819.6,68848.7,609721440,4139412898.73702,75733.5,61963.8,67095,68832.7,68819.6,68819.7,84990406,1059.6,0.0001,UTC+8,"[0.0156, 0.0031, 0.0431, 0.011, 0.1324, 1.0122]","[0.0256, 0.0121, 0.0156]"
1730117197104,BTC_USDT,68814.6,0.0155,68818.4,68848.2,609739652,4139538227.21283,75733.0,61963.3,67095,68832.7,68814.6,68814.7,85021792,1054.6,0.0001,UTC+8,"[0.0155, 0.003, 0.043, 0.0109, 0.1323, 1.0121]","[0.0255, 0.012, 0.0155]"
1730117199090,BTC_USDT,68815.2,0.0155,68818.5,68848.4,609744457,4139571294.56643,75733.2,61963.5,67095,68832.7,68815.1,68815.2,85480546,1055.2,0.0001,UTC+8,"[0.0155, 0.003, 0.043, 0.0109, 0.1323, 1.0121]","[0.0255, 0.012, 0.0155]"
1730117201093,BTC_USDT,68816.5,0.0155,68818.6,68848.5,609747022,4139588945.92734,75733.3,61963.6,67095,68832.7,68816.5,68816.6,85486710,1056.5,0.0001,UTC+8,"[0.0155, 0.003, 0.043, 0.011, 0.1324, 1.0121]","[0.0255, 0.0121, 0.0155]"
1730117203095,BTC_USDT,68816.9,0.0155,68818.5,68848.5,609748404,4139598452.96879,75733.3,61963.6,67095,68832.7,68816.9,68817.0,85490386,1056.9,0.0001,UTC+8,"[0.0155, 0.003, 0.043, 0.011, 0.1324, 1.0121]","[0.0255, 0.0121, 0.0155]"
1730117206098,BTC_USDT,68817.9,0.0156,68818.5,68848.5,609756835,4139656475.9283,75733.3,61963.6,67095,68832.7,68817.9,68818.0,85499220,1057.9,0.0001,UTC+8,"[0.0156, 0.0031, 0.0431, 0.011, 0.1324, 1.0122]","[0.0255, 0.0121, 0.0156]"
1730117208085,BTC_USDT,68812.6,0.0155,68818.2,68848.3,609766265,4139721364.85156,75733.1,61963.4,67095,68832.7,68812.6,68812.7,85060818,1052.6,0.0001,UTC+8,"[0.0155, 0.003, 0.043, 0.0109, 0.1323, 1.012]","[0.0255, 0.012, 0.0155]"
1730117210097,BTC_USDT,68812.1,0.0155,68818.2,68848.3,609772170,4139762001.91177,75733.1,61963.4,67095,68832.7,68812.0,68812.1,85062558,1052.1,0.0001,UTC+8,"[0.0155, 0.003, 0.043, 0.0109, 0.1323, 1.012]","[0.0255, 0.012, 0.0155]"
1730117212092,BTC_USDT,68812.0,0.0155,68818.2,68848.3,609772251,4139762554.12812,75733.1,61963.4,67095,68832.7,68812.0,68812.1,85062916,1052.0,0.0001,UTC+8,"[0.0155, 0.003, 0.043, 0.0109, 0.1323, 1.012]","[0.0254, 0.012, 0.0155]"
1730117215097,BTC_USDT,68812.1,0.0155,68818.1,68848.3,609780147,4139816888.12023,75733.1,61963.4,67095,68832.7,68812.0,68812.1,85076488,1052.1,0.0001,UTC+8,"[0.0155, 0.003, 0.043, 0.0109, 0.1323, 1.012]","[0.0255, 0.012, 0.0155]"
1730117217100,BTC_USDT,68805.9,0.0154,68809.8,68840.1,609842114,4140243295.88436,75724.1,61956.0,67095,68832.7,68805.9,68806.0,85241442,1045.9,0.0001,UTC+8,"[0.0154, 0.0029, 0.0429, 0.0108, 0.1322, 1.0118]","[0.0254, 0.0119, 0.0154]"
1730117219092,BTC_USDT,68805.9,0.0154,68809.7,68840.0,609848295,4140285828.265,75724.0,61956.0,67095,68832.7,68805.9,68806.0,85255866,1045.9,0.0001,UTC+8,"[0.0154, 0.0029, 0.0429, 0.0108, 0.1322, 1.0118]","[0.0254, 0.0119, 0.0154]"
1730117221092,BTC_USDT,68780.0,0.015,68805.9,68827.6,609890626,4140577086.48636,75710.3,61944.8,67095,68832.7,68777.0,68777.1,85096878,1020.0,0.0001,UTC+8,"[0.015, 0.0025, 0.0425, 0.0104, 0.1318, 1.0111]","[0.025, 0.0115, 0.015]"
1730117223090,BTC_USDT,68754.6,0.0146,68768.3,68790.2,609907209,4140691129.5011,75669.2,61911.1,67095,68832.7,68754.5,68754.6,85574000,994.6,0.0001,UTC+8,"[0.0146, 0.0021, 0.0421, 0.01, 0.1313, 1.0103]","[0.0246, 0.0112, 0.0146]"
1730117226084,BTC_USDT,68743.6,0.0145,68747.2,68777.6,609951197,4140993557.25928,75655.3,61899.8,67095,68832.7,68743.6,68743.7,85251522,983.6,0.0001,UTC+8,"[0.0145, 0.002, 0.0419, 0.0099, 0.1312, 1.01]","[0.0244, 0.011, 0.0145]"
1730117228093,BTC_USDT,68719.2,0.0141,68726.2,68756.5,610005207,4141364798.62433,75632.1,61880.8,67095,68832.7,68719.2,68719.3,85673868,959.2,0.0001,UTC+8,"[0.0141, 0.0016, 0.0416, 0.0095, 0.1308, 1.0093]","[0.0241, 0.0106, 0.0141]"
1730117230097,BTC_USDT,68712.8,0.014,68715.4,68745.9,610072323,4141825980.72768,75620.4,61871.3,67095,68832.7,68712.7,68712.8,85436378,952.8,0.0001,UTC+8,"[0.014, 0.0015, 0.0415, 0.0094, 0.1307, 1.0091]","[0.024, 0.0105, 0.014]"
1730117232096,BTC_USDT,68712.8,0.014,68715.4,68746.0,610091867,4141960274.64352,75620.6,61871.4,67095,68832.7,68712.7,68712.8,85408612,952.8,0.0001,UTC+8,"[0.014, 0.0015, 0.0415, 0.0094, 0.1307, 1.0091]","[0.024, 0.0105, 0.014]"
1730117235100,BTC_USDT,68708.0,0.0139,68714.9,68745.5,610179403,4142561758.06426,75620.0,61870.9,67095,68832.7,68708.0,68708.1,85440472,948.0,0.0001,UTC+8,"[0.0139, 0.0015, 0.0414, 0.0094, 0.1306, 1.009]","[0.0239, 0.0105, 0.0139]"
1730117237096,BTC_USDT,68695.9,0.0138,68700.2,68730.8,610337770,4143649702.27098,75603.8,61857.7,67095,68832.7,68695.9,68696.0,85757564,935.9,0.0001,UTC+8,"[0.0138, 0.0013, 0.0412, 0.0092, 0.1304, 1.0086]","[0.0237, 0.0103, 0.0138]"
1730117239096,BTC_USDT,68695.9,0.0138,68700.1,68730.8,610351560,4143744435.65715,75603.8,61857.7,67095,68832.7,68699.8,68701.5,86162192,935.9,0.0001,UTC+8,"[0.0138, 0.0013, 0.0412, 0.0092, 0.1304, 1.0086]","[0.0237, 0.0103, 0.0138]"
1730117241084,BTC_USDT,68710.4,0.014,68712.7,68743.4,610365410,4143839594.48082,75617.7,61869.0,67095,68832.7,68710.3,68710.4,85367254,950.4,0.0001,UTC+8,"[0.014, 0.0015, 0.0414, 0.0094, 0.1306, 1.009]","[0.0239, 0.0105, 0.014]"
1730117243092,BTC_USDT,68724.2,0.0142,68721.9,68752.7,610383113,4143961242.3702,75627.9,61877.4,67095,68832.7,68724.2,68724.3,85464986,964.2,0.0001,UTC+8,"[0.0142, 0.0017, 0.0416, 0.0096, 0.1308, 1.0094]","[0.0241, 0.0107, 0.0142]"
1730117246095,BTC_USDT,68708.1,0.0139,68713.7,68744.5,610390738,4144013639.16768,75618.9,61870.0,67095,68832.7,68701.9,68702.0,85866824,948.1,0.0001,UTC+8,"[0.0139, 0.0015, 0.0414, 0.0094, 0.1306, 1.009]","[0.0239, 0.0105, 0.0139]"
1730117248096,BTC_USDT,68697.9,0.0138,68708.1,68739.0,610403367,4144100396.51286,75612.9,61865.1,67095,68832.7,68697.9,68698.0,85884416,937.9,0.0001,UTC+8,"[0.0138, 0.0013, 0.0412, 0.0092, 0.1304, 1.0087]","[0.0237, 0.0103, 0.0138]"
1730117250097,BTC_USDT,68682.8,0.0136,68689.2,68720.2,610535262,4145006349.51361,75592.2,61848.1,67095,68832.7,68686.8,68686.9,85507018,922.8,0.0001,UTC+8,"[0.0136, 0.0011, 0.041, 0.009, 0.1302, 1.0082]","[0.0235, 0.0101, 0.0136]"
1730117252093,BTC_USDT,68683.0,0.0136,68689.1,68720.1,610550978,4145114292.73022,75592.1,61848.0,67095,68832.7,68682.9,68683.0,85850968,923.0,0.0001,UTC+8,"[0.0136, 0.0011, 0.041, 0.009, 0.1302, 1.0082]","[0.0235, 0.0101, 0.0136]"
1730117255093,BTC_USDT,68663.9,0.0133,68669.2,68700.2,610743938,4146439345.56087,75570.2,61830.1,67095,68832.7,68663.9,68664.0,86074624,903.9,0.0001,UTC+8,"[0.0133, 0.0008, 0.0407, 0.0087, 0.1298, 1.0077]","[0.0232, 0.0098, 0.0133]"
1730117257093,BTC_USDT,68670.3,0.0134,68673.0,68704.1,610756337,4146524487.75912,75574.5,61833.6,67095,68832.7,68670.3,68670.4,85642506,910.3,0.0001,UTC+8,"[0.0134, 0.0009, 0.0408, 0.0088, 0.13, 1.0079]","[0.0233, 0.0099, 0.0134]"
1730117259093,BTC_USDT,68656.8,0.0132,68668.8,68699.9,610785150,4146722327.04132,75569.8,61829.9,67095,68832.7,68656.8,68656.9,86127264,896.8,0.0001,UTC+8,"[0.0132, 0.0007, 0.0406, 0.0086, 0.1297, 1.0075]","[0.0231, 0.0097, 0.0132]"
1730117261091,BTC_USDT,68641.2,0.013,68654.8,68685.7,611097298,4148865225.15671,75554.2,61817.1,67095,68832.7,68641.2,68641.3,85693024,881.2,0.0001,UTC+8,"[0.013, 0.0005, 0.0404, 0.0084, 0.1295, 1.007]","[0.0229, 0.0095, 0.013]"
1730117264092,BTC_USDT,68642.3,0.013,68647.5,68678.6,611141228,4149166767.19293,75546.4,61810.7,67095,68832.7,68642.2,68642.3,86203998,882.3,0.0001,UTC+8,"[0.013, 0.0005, 0.0404, 0.0084, 0.1295, 1.007]","[0.0229, 0.0095, 0.013]"
1730117266088,BTC_USDT,68644.4,0.013,68647.6,68678.8,611154363,4149256929.45723,75546.6,61810.9,67095,68832.7,68644.4,68644.5,85842600,884.4,0.0001,UTC+8,"[0.013, 0.0005, 0.0404, 0.0084, 0.1295, 1.0071]","[0.023, 0.0095, 0.013]"
1730117268094,BTC_USDT,68651.6,0.0131,68651.0,68682.2,611159745,4149293880.23415,75550.4,61813.9,67095,68832.7,68652.2,68652.3,86240770,891.6,0.0001,UTC+8,"[0.0131, 0.0006, 0.0405, 0.0085, 0.1296, 1.0073]","[0.0231, 0.0096, 0.0131]"
1730117270102,BTC_USDT,68659.9,0.0132,68659.9,68690.4,611181228,4149441369.24006,75559.4,61821.3,67095,68832.7,68659.9,68660.0,85909968,899.9,0.0001,UTC+8,"[0.0132, 0.0008, 0.0407, 0.0087, 0.1298, 1.0076]","[0.0232, 0.0098, 0.0132]"
1730117272126,BTC_USDT,68663.6,0.0133,68660.0,68690.7,611201819,4149582749.60322,75559.7,61821.6,67095,68832.7,68663.8,68663.9,86332340,903.6,0.0001,UTC+8,"[0.0133, 0.0008, 0.0407, 0.0087, 0.1298, 1.0077]","[0.0232, 0.0098, 0.0133]"
1730117275099,BTC_USDT,68655.4,0.0132,68658.8,68690.1,611214336,4149668693.37912,75559.1,61821.0,67095,68832.7,68655.4,68655.5,85898492,895.4,0.0001,UTC+8,"[0.0132, 0.0007, 0.0406, 0.0086, 0.1297, 1.0074]","[0.0231, 0.0097, 0.0132]"
1730117277095,BTC_USDT,68655.6,0.0132,68658.7,68690.1,611232461,4149793128.01437,75559.1,61821.0,67095,68832.7,68655.5,68655.6,86381696,895.6,0.0001,UTC+8,"[0.0132, 0.0007, 0.0406, 0.0086, 0.1297, 1.0074]","[0.0231, 0.0097, 0.0132]"
1730117279087,BTC_USDT,68648.4,0.0131,68652.5,68683.9,611251461,4149923563.31962,75552.2,61815.5,67095,68832.7,68648.4,68648.5,84858456,888.4,0.0001,UTC+8,"[0.0131, 0.0006, 0.0405, 0.0085, 0.1296, 1.0072]","[0.023, 0.0096, 0.0131]"
1730117281094,BTC_USDT,68640.0,0.0129,68650.0,68681.4,611255487,4149951199.64367,75549.5,61813.2,67095,68832.7,68635.0,68635.1,85019644,880.0,0.0001,UTC+8,"[0.0129, 0.0005, 0.0404, 0.0084, 0.1295, 1.007]","[0.0229, 0.0095, 0.0129]"
1730117284083,BTC_USDT,68616.1,0.0126,68634.2,68652.2,611402281,4150958573.17962,75517.4,61786.9,67095,68832.7,68616.1,68616.2,85173498,856.1,0.0001,UTC+8,"[0.0126, 0.0001, 0.04, 0.008, 0.1291, 1.0063]","[0.0225, 0.0091, 0.0126]"
1730117286092,BTC_USDT,68619.9,0.0126,68622.7,68654.2,611491121,4151568161.03109,75519.6,61788.7,67095,68832.7,68619.9,68620.0,85163400,859.9,0.0001,UTC+8,"[0.0126, 0.0002, 0.0401, 0.0081, 0.1291, 1.0064]","[0.0226, 0.0092, 0.0126]"
1730117288092,BTC_USDT,68628.0,0.0128,68626.4,68659.7,611504356,4151658984.17124,75525.6,61793.7,67095,68832.7,68628.0,68628.1,85634910,868.0,0.0001,UTC+8,"[0.0128, 0.0003, 0.0402, 0.0082, 0.1293, 1.0066]","[0.0227, 0.0093, 0.0128]"
1730117290102,BTC_USDT,68628.1,0.0128,68628.1,68659.7,611512760,4151716657.47759,75525.6,61793.7,67095,68832.7,68628.0,68628.1,85178708,868.1,0.0001,UTC+8,"[0.0128, 0.0003, 0.0402, 0.0082, 0.1293, 1.0066]","[0.0227, 0.0093, 0.0128]"
1730117293090,BTC_USDT,68607.7,0.0125,68617.8,68649.4,611550277,4151974078.23888,75514.3,61784.4,67095,68832.7,68606.0,68607.1,85689210,847.7,0.0001,UTC+8,"[0.0125, 0.0, 0.0399, 0.0079, 0.1289, 1.006]","[0.0224, 0.009, 0.0125]"
1730117295101,BTC_USDT,68610.0,0.0125,68614.1,68645.8,611569350,4152104924.68968,75510.3,61781.2,67095,68832.7,68610.0,68610.1,85449922,850.0,0.0001,UTC+8,"[0.0125, 0.0, 0.0399, 0.0079, 0.129, 1.0061]","[0.0224, 0.009, 0.0125]"
1730117297091,BTC_USDT,68610.6,0.0125,68613.9,68645.7,611631160,4152529009.86353,75510.2,61781.1,67095,68832.7,68610.5,68610.6,85075244,850.6,0.0001,UTC+8,"[0.0125, 0.0, 0.0399, 0.0079, 0.129, 1.0061]","[0.0224, 0.009, 0.0125]"
1730117299087,BTC_USDT,68596.3,0.0123,68611.3,68643.2,611748606,4153334696.13568,75507.5,61778.8,67095,68832.7,68596.3,68596.4,85398370,836.3,0.0001,UTC+8,"[0.0123, -0.0001, 0.0397, 0.0077, 0.1287, 1.0057]","[0.0222, 0.0088, 0.0123]"
1730117301092,BTC_USDT,68593.9,0.0123,68594.9,68626.8,611763517,4153436972.55563,75489.4,61764.1,67095,68832.7,68593.9,68594.0,85335590,833.9,0.0001,UTC+8,"[0.0123, -0.0001, 0.0397, 0.0077, 0.1287, 1.0056]","[0.0222, 0.0088, 0.0123]"
1730117304096,BTC_USDT,68590.7,0.0122,68593.3,68625.3,611869123,4154161299.50411,75487.8,61762.7,67095,68832.7,68590.7,68590.8,85818466,830.7,0.0001,UTC+8,"[0.0122, -0.0002, 0.0396, 0.0076, 0.1286, 1.0055]","[0.0222, 0.0087, 0.0122]"
1730117306087,BTC_USDT,68603.4,0.0124,68602.3,68634.4,611918862,4154502520.07694,75497.8,61770.9,67095,68832.7,68603.3,68603.4,85485928,843.4,0.0001,UTC+8,"[0.0124, 0.0, 0.0398, 0.0078, 0.1289, 1.0059]","[0.0223, 0.0089, 0.0124]"
1730117308096,BTC_USDT,68604.4,0.0124,68604.0,68635.9,611947255,4154697305.84052,75499.4,61772.3,67095,68832.7,68604.4,68604.5,85498666,844.4,0.0001,UTC+8,"[0.0124, 0.0, 0.0398, 0.0078, 0.1289, 1.0059]","[0.0224, 0.0089, 0.0124]"
1730117310098,BTC_USDT,68596.1,0.0123,68603.1,68635.3,611968111,4154840380.42961,75498.8,61771.7,67095,68832.7,68595.4,68595.5,86008590,836.1,0.0001,UTC+8,"[0.0123, -0.0001, 0.0397, 0.0077, 0.1287, 1.0057]","[0.0222, 0.0088, 0.0123]"
1730117313098,BTC_USDT,68589.6,0.0122,68596.2,68628.4,612024405,4155226526.2343,75491.2,61765.5,67095,68832.7,68589.6,68589.7,85171560,829.6,0.0001,UTC+8,"[0.0122, -0.0002, 0.0396, 0.0076, 0.1286, 1.0055]","[0.0221, 0.0087, 0.0122]"
1730117315100,BTC_USDT,68591.5,0.0122,68593.0,68625.3,612029934,4155264449.80136,75487.8,61762.7,67095,68832.7,68591.5,68591.6,85181312,831.5,0.0001,UTC+8,"[0.0122, -0.0001, 0.0396, 0.0077, 0.1287, 1.0056]","[0.0222, 0.0088, 0.0122]"
1730117317090,BTC_USDT,68582.0,0.0121,68585.3,68617.5,612051810,4155414489.93011,75479.2,61755.7,67095,68832.7,68582.0,68582.1,85229326,822.0,0.0001,UTC+8,"[0.0121, -0.0003, 0.0395, 0.0075, 0.1285, 1.0053]","[0.022, 0.0086, 0.0121]"
1730117319096,BTC_USDT,68581.9,0.0121,68585.3,68617.5,612069701,4155537191.66148,75479.2,61755.7,67095,68832.7,68581.9,68582.0,85239340,821.9,0.0001,UTC+8,"[0.0121, -0.0003, 0.0395, 0.0075, 0.1285, 1.0053]","[0.022, 0.0086, 0.0121]"
1730117322089,BTC_USDT,68588.1,0.0122,68590.0,68622.3,612108363,4155802357.95936,75484.5,61760.0,67095,68832.7,68588.1,68588.2,85724110,828.1,0.0001,UTC+8,"[0.0122, -0.0002, 0.0396, 0.0076, 0.1286, 1.0055]","[0.0221, 0.0087, 0.0122]"
1730117324095,BTC_USDT,68591.5,0.0122,68590.1,68622.4,612111142,4155821417.11761,75484.6,61760.1,67095,68832.7,68595.4,68595.5,85268962,831.5,0.0001,UTC+8,"[0.0122, -0.0001, 0.0396, 0.0077, 0.1287, 1.0056]","[0.0222, 0.0088, 0.0122]"
1730117326097,BTC_USDT,68596.0,0.0123,68595.4,68626.4,612130017,4155950887.45854,75489.0,61763.7,67095,68832.7,68596.0,68596.1,85770024,836.0,0.0001,UTC+8,"[0.0123, -0.0001, 0.0397, 0.0077, 0.1287, 1.0057]","[0.0222, 0.0088, 0.0123]"
1730117328094,BTC_USDT,68599.0,0.0123,68599.9,68632.2,612152410,4156104501.59201,75495.4,61768.9,67095,68832.7,68598.9,68599.0,85798380,839.0,0.0001,UTC+8,"[0.0123, 0.0, 0.0397, 0.0078, 0.1288, 1.0058]","[0.0223, 0.0089, 0.0123]"
1730117330093,BTC_USDT,68594.2,0.0123,68599.4,68631.7,612197915,4156416638.19423,75494.8,61768.5,67095,68832.7,68594.2,68594.3,85915288,834.2,0.0001,UTC+8,"[0.0123, -0.0001, 0.0397, 0.0077, 0.1287, 1.0056]","[0.0222, 0.0088, 0.0123]"
1730117333095,BTC_USDT,68594.2,0.0123,68599.5,68631.9,612203243,4156453185.21665,75495.0,61768.7,67095,68832.7,68594.2,68594.3,85464166,834.2,0.0001,UTC+8,"[0.0123, -0.0001, 0.0397, 0.0077, 0.1287, 1.0056]","[0.0222, 0.0088, 0.0123]"
1730117335101,BTC_USDT,68616.8,0.0126,68616.7,68649.1,612234305,4156666316.12367,75514.0,61784.1,67095,68832.7,68616.7,68616.8,85547062,856.8,0.0001,UTC+8,"[0.0126, 0.0001, 0.04, 0.008, 0.1291, 1.0063]","[0.0225, 0.0091, 0.0126]"
1730117337099,BTC_USDT,68625.8,0.0127,68625.9,68652.4,612248534,4156763953.46244,75517.6,61787.1,67095,68832.7,68625.8,68625.9,85011646,865.8,0.0001,UTC+8,"[0.0127, 0.0003, 0.0401, 0.0082, 0.1292, 1.0066]","[0.0227, 0.0093, 0.0127]"
1730117339100,BTC_USDT,68626.2,0.0127,68629.5,68661.9,612264584,4156874099.06787,75528.0,61795.7,67095,68832.7,68623.0,68623.1,85477316,866.2,0.0001,UTC+8,"[0.0127, 0.0003, 0.0402, 0.0082, 0.1292, 1.0066]","[0.0227, 0.0093, 0.0127]"
1730117342093,BTC_USDT,68616.9,0.0126,68626.9,68659.3,612314249,4157214911.93773,75525.2,61793.3,67095,68832.7,68616.8,68616.9,85507368,856.9,0.0001,UTC+8,"[0.0126, 0.0001, 0.04, 0.008, 0.1291, 1.0063]","[0.0225, 0.0091, 0.0126]"
1730117344096,BTC_USDT,68612.7,0.0125,68618.1,68650.6,612321536,4157264912.77169,75515.6,61785.5,67095,68832.7,68612.7,68612.8,85130194,852.7,0.0001,UTC+8,"[0.0125, 0.0001, 0.0399, 0.008, 0.129, 1.0062]","[0.0225, 0.0091, 0.0125]"
1730117346090,BTC_USDT,68617.7,0.0126,68618.2,68650.8,612335407,4157360089.07059,75515.8,61785.7,67095,68832.7,68617.7,68617.8,85519898,857.7,0.0001,UTC+8,"[0.0126, 0.0001, 0.04, 0.008, 0.1291, 1.0063]","[0.0226, 0.0091, 0.0126]"
1730117348091,BTC_USDT,68622.1,0.0127,68622.1,68651.0,612343310,4157414316.04932,75516.1,61785.9,67095,68832.7,68618.8,68618.9,85068522,862.1,0.0001,UTC+8,"[0.0127, 0.0002, 0.0401, 0.0081, 0.1292, 1.0065]","[0.0226, 0.0092, 0.0127]"
1730117350106,BTC_USDT,68618.9,0.0126,68623.1,68655.7,612366327,4157572254.36195,75521.2,61790.1,67095,68832.7,68618.8,68618.9,85200858,858.9,0.0001,UTC+8,"[0.0126, 0.0002, 0.04, 0.0081, 0.1291, 1.0064]","[0.0226, 0.0092, 0.0126]"
1730117353095,BTC_USDT,68633.2,0.0128,68631.4,68664.3,612400713,4157808245.58471,75530.7,61797.8,67095,68832.7,68633.2,68633.3,85672828,873.2,0.0001,UTC+8,"[0.0128, 0.0004, 0.0403, 0.0083, 0.1293, 1.0068]","[0.0228, 0.0094, 0.0128]"
1730117355090,BTC_USDT,68632.1,0.0128,68638.3,68671.0,612418773,4157932201.71699,75538.1,61803.9,67095,68832.7,68632.0,68632.1,85507178,872.1,0.0001,UTC+8,"[0.0128, 0.0003, 0.0402, 0.0082, 0.1293, 1.0067]","[0.0228, 0.0094, 0.0128]"
1730117357100,BTC_USDT,68631.0,0.0128,68638.0,68670.8,612429537,4158006071.43404,75537.8,61803.7,67095,68832.7,68630.9,68631.0,85059680,871.0,0.0001,UTC+8,"[0.0128, 0.0003, 0.0402, 0.0082, 0.1293, 1.0067]","[0.0228, 0.0093, 0.0128]"
1730117359098,BTC_USDT,68642.1,0.013,68638.4,68671.2,612435660,4158048095.51823,75538.3,61804.0,67095,68832.7,68642.0,68642.1,85068966,882.1,0.0001,UTC+8,"[0.013, 0.0005, 0.0404, 0.0084, 0.1295, 1.007]","[0.0229, 0.0095, 0.013]"
1730117362098,BTC_USDT,68645.8,0.013,68642.6,68675.5,612548010,4158819295.08432,75543.0,61807.9,67095,68832.7,68646.9,68647.0,85360564,885.8,0.0001,UTC+8,"[0.013, 0.0005, 0.0404, 0.0085, 0.1296, 1.0071]","[0.023, 0.0096, 0.013]"
1730117364098,BTC_USDT,68649.9,0.0131,68653.5,68686.4,612549963,4158832697.24692,75555.0,61817.7,67095,68832.7,68649.9,68650.0,85433688,889.9,0.0001,UTC+8,"[0.0131, 0.0006, 0.0405, 0.0085, 0.1296, 1.0073]","[0.023, 0.0096, 0.0131]"
1730117366085,BTC_USDT,68655.6,0.0132,68655.5,68688.4,612598740,4159167578.16009,75557.2,61819.5,67095,68832.7,68655.5,68655.6,85821748,895.6,0.0001,UTC+8,"[0.0132, 0.0007, 0.0406, 0.0086, 0.1297, 1.0074]","[0.0231, 0.0097, 0.0132]"
1730117368092,BTC_USDT,68655.5,0.0132,68658.4,68691.5,612616137,4159287018.26526,75560.6,61822.3,67095,68832.7,68660.0,68660.1,85855948,895.5,0.0001,UTC+8,"[0.0132, 0.0007, 0.0406, 0.0086, 0.1297, 1.0074]","[0.0231, 0.0097, 0.0132]"
1730117371089,BTC_USDT,68655.6,0.0132,68660.6,68693.7,612698604,4159853257.12496,75563.0,61824.3,67095,68832.7,68650.5,68650.6,85862656,895.6,0.0001,UTC+8,"[0.0132, 0.0007, 0.0406, 0.0086, 0.1297, 1.0074]","[0.0231, 0.0097, 0.0132]"
1730117373096,BTC_USDT,68655.7,0.0132,68658.4,68691.5,612710011,4159931567.13579,75560.6,61822.3,67095,68832.7,68651.1,68651.2,85431194,895.7,0.0001,UTC+8,"[0.0132, 0.0007, 0.0406, 0.0086, 0.1297, 1.0074]","[0.0231, 0.0097, 0.0132]"
1730117375091,BTC_USDT,68651.1,0.0131,68656.7,68689.8,612719743,4159998377.96021,75558.7,61820.8,67095,68832.7,68651.1,68651.2,85514200,891.1,0.0001,UTC+8,"[0.0131, 0.0006, 0.0405, 0.0085, 0.1296, 1.0073]","[0.0231, 0.0096, 0.0131]"
1730117377089,BTC_USDT,68656.5,0.0132,68656.7,68689.9,612785051,4160446742.21347,75558.8,61820.9,67095,68832.7,68657.2,68657.3,85433616,896.5,0.0001,UTC+8,"[0.0132, 0.0007, 0.0406, 0.0086, 0.1297, 1.0075]","[0.0231, 0.0097, 0.0132]"
1730117379095,BTC_USDT,68657.3,0.0132,68657.3,68690.2,612790857,4160486602.91039,75559.2,61821.1,67095,68832.7,68657.2,68657.3,84989932,897.3,0.0001,UTC+8,"[0.0132, 0.0007, 0.0406, 0.0086, 0.1297, 1.0075]","[0.0231, 0.0097, 0.0132]"
1730117382083,BTC_USDT,68656.0,0.0132,68657.2,68689.9,612800895,4160555520.8983,75558.8,61820.9,67095,68832.7,68655.9,68656.0,85467032,896.0,0.0001,UTC+8,"[0.0132, 0.0007, 0.0406, 0.0086, 0.1297, 1.0074]","[0.0231, 0.0097, 0.0132]"
1730117384091,BTC_USDT,68655.6,0.0132,68656.6,68689.9,612815769,4160657644.8417,75558.8,61820.9,67095,68832.7,68655.5,68655.6,85506528,895.6,0.0001,UTC+8,"[0.0132, 0.0007, 0.0406, 0.0086, 0.1297, 1.0074]","[0.0231, 0.0097, 0.0132]"
1730117386093,BTC_USDT,68650.0,0.0131,68655.6,68685.5,612823206,4160708702.90719,75554.0,61816.9,67095,68832.7,68645.1,68645.2,85519400,890.0,0.0001,UTC+8,"[0.0131, 0.0006, 0.0405, 0.0085, 0.1296, 1.0073]","[0.023, 0.0096, 0.0131]"
1730117388096,BTC_USDT,68645.0,0.013,68650.3,68683.6,612840212,4160825438.3854,75551.9,61815.2,67095,68832.7,68645.0,68645.1,85174052,885.0,0.0001,UTC+8,"[0.013, 0.0005, 0.0404, 0.0084, 0.1295, 1.0071]","[0.023, 0.0095, 0.013]"
1730117391098,BTC_USDT,68642.4,0.013,68646.6,68679.9,612847236,4160873652.8826,75547.8,61811.9,67095,68832.7,68642.4,68642.5,85561042,882.4,0.0001,UTC+8,"[0.013, 0.0005, 0.0404, 0.0084, 0.1295, 1.007]","[0.0229, 0.0095, 0.013]"
1730117393102,BTC_USDT,68642.4,0.013,68646.5,68679.9,612848646,4160883331.46265,75547.8,61811.9,67095,68832.7,68642.4,68642.5,85563600,882.4,0.0001,UTC+8,"[0.013, 0.0005, 0.0404, 0.0084, 0.1295, 1.007]","[0.0229, 0.0095, 0.013]"
1730117395129,BTC_USDT,68642.5,0.013,68646.4,68679.8,612851305,4160901586.92409,75547.7,61811.8,67095,68832.7,68642.4,68642.5,85569624,882.5,0.0001,UTC+8,"[0.013, 0.0005, 0.0404, 0.0084, 0.1295, 1.007]","[0.0229, 0.0095, 0.013]"
1730117397092,BTC_USDT,68640.3,0.0129,68644.5,68677.9,612857931,4160947065.61607,75545.6,61810.1,67095,68832.7,68640.2,68640.3,85477602,880.3,0.0001,UTC+8,"[0.0129, 0.0005, 0.0404, 0.0084, 0.1295, 1.007]","[0.0229, 0.0095, 0.0129]"
1730117399085,BTC_USDT,68640.1,0.0129,68644.4,68677.9,612859213,4160955868.70888,75545.6,61810.1,67095,68832.7,68640.0,68640.1,85093332,880.1,0.0001,UTC+8,"[0.0129, 0.0005, 0.0404, 0.0084, 0.1295, 1.007]","[0.0229, 0.0095, 0.0129]"
1730117402094,BTC_USDT,68642.2,0.013,68644.6,68678.2,612870003,4161029929.64947,75546.0,61810.3,67095,68832.7,68642.2,68642.3,85039758,882.2,0.0001,UTC+8,"[0.013, 0.0005, 0.0404, 0.0084, 0.1295, 1.007]","[0.0229, 0.0095, 0.013]"
1730117404096,BTC_USDT,68636.9,0.0129,68644.5,68677.9,612870419,4161032786.87442,75545.6,61810.1,67095,68832.7,68634.5,68634.6,85497496,876.9,0.0001,UTC+8,"[0.0129, 0.0004, 0.0403, 0.0083, 0.1294, 1.0069]","[0.0228, 0.0094, 0.0129]"
1730117406092,BTC_USDT,68630.1,0.0128,68636.1,68669.6,612884248,4161127701.52113,75536.5,61802.6,67095,68832.7,68630.0,68630.1,85065796,870.1,0.0001,UTC+8,"[0.0128, 0.0003, 0.0402, 0.0082, 0.1293, 1.0067]","[0.0227, 0.0093, 0.0128]"
1730117408095,BTC_USDT,68626.5,0.0127,68628.9,68662.4,612928443,4161431004.00822,75528.6,61796.1,67095,68832.7,68626.4,68626.5,85626222,866.5,0.0001,UTC+8,"[0.0127, 0.0003, 0.0402, 0.0082, 0.1292, 1.0066]","[0.0227, 0.0093, 0.0127]"
1730117411086,BTC_USDT,68609.7,0.0125,68610.9,68644.4,612934559,4161472966.8408,75508.8,61779.9,67095,68832.7,68609.7,68609.8,85638058,849.7,0.0001,UTC+8,"[0.0125, 0.0, 0.0399, 0.0079, 0.129, 1.0061]","[0.0224, 0.009, 0.0125]"
1730117413089,BTC_USDT,68603.7,0.0124,68610.3,68643.8,612981555,4161795402.80835,75508.1,61779.4,67095,68832.7,68603.7,68603.8,85290648,843.7,0.0001,UTC+8,"[0.0124, 0.0, 0.0398, 0.0078, 0.1289, 1.0059]","[0.0223, 0.0089, 0.0124]"
1730117415090,BTC_USDT,68623.9,0.0127,68620.0,68653.5,612988750,4161844765.3333,75518.8,61788.1,67095,68832.7,68623.9,68624.0,85256380,863.9,0.0001,UTC+8,"[0.0127, 0.0002, 0.0401, 0.0081, 0.1292, 1.0065]","[0.0226, 0.0092, 0.0127]"
1730117417083,BTC_USDT,68631.1,0.0128,68626.6,68660.4,613006456,4161966275.67819,75526.4,61794.3,67095,68832.7,68631.1,68631.2,85279962,871.1,0.0001,UTC+8,"[0.0128, 0.0003, 0.0402, 0.0082, 0.1293, 1.0067]","[0.0228, 0.0093, 0.0128]"
1730117419097,BTC_USDT,68631.2,0.0128,68631.3,68664.9,613008184,4161978135.14469,75531.3,61798.4,67095,68832.7,68631.1,68631.2,85284058,871.2,0.0001,UTC+8,"[0.0128, 0.0003, 0.0402, 0.0082, 0.1293, 1.0067]","[0.0228, 0.0093, 0.0128]"
1730117422101,BTC_USDT,68629.8,0.0128,68631.1,68664.8,613018962,4162052098.61664,75531.2,61798.3,67095,68832.7,68629.8,68629.9,85305078,869.8,0.0001,UTC+8,"[0.0128, 0.0003, 0.0402, 0.0082, 0.1293, 1.0067]","[0.0227, 0.0093, 0.0128]"
1730117424094,BTC_USDT,68626.6,0.0127,68630.8,68664.5,613020198,4162060586.40318,75530.9,61798.0,67095,68832.7,68624.1,68624.2,85380658,866.6,0.0001,UTC+8,"[0.0127, 0.0003, 0.0402, 0.0082, 0.1292, 1.0066]","[0.0227, 0.0093, 0.0127]"
1730117426122,BTC_USDT,68624.9,0.0127,68626.1,68659.9,613020990,4162066021.297,75525.8,61793.9,67095,68832.7,68626.4,68626.5,85766780,864.9,0.0001,UTC+8,"[0.0127, 0.0002, 0.0401, 0.0081, 0.1292, 1.0065]","[0.0227, 0.0092, 0.0127]"
1730117428084,BTC_USDT,68615.1,0.0126,68626.4,68655.8,613024691,4162091414.66517,75521.3,61790.2,67095,68832.7,68615.1,68615.2,85769668,855.1,0.0001,UTC+8,"[0.0126, 0.0001, 0.04, 0.008, 0.129, 1.0062]","[0.0225, 0.0091, 0.0126]"
1730117431089,BTC_USDT,68615.2,0.0126,68619.6,68653.5,613025149,4162094558.95224,75518.8,61788.1,67095,68832.7,68610.1,68610.2,85313748,855.2,0.0001,UTC+8,"[0.0126, 0.0001, 0.04, 0.008, 0.129, 1.0062]","[0.0225, 0.0091, 0.0126]"
1730117433101,BTC_USDT,68610.1,0.0125,68614.1,68648.0,613028210,4162115558.87046,75512.8,61783.2,67095,68832.7,68610.1,68610.2,85362178,850.1,0.0001,UTC+8,"[0.0125, 0.0, 0.0399, 0.0079, 0.129, 1.0061]","[0.0224, 0.009, 0.0125]"
1730117435096,BTC_USDT,68610.2,0.0125,68614.0,68648.0,613029749,4162126117.9748,75512.8,61783.2,67095,68832.7,68610.1,68610.2,85292542,850.2,0.0001,UTC+8,"[0.0125, 0.0, 0.0399, 0.0079, 0.129, 1.0061]","[0.0224, 0.009, 0.0125]"
1730117437096,BTC_USDT,68603.0,0.0124,68607.3,68641.4,613040785,4162201834.93779,75505.5,61777.2,67095,68832.7,68603.0,68603.1,85318930,843.0,0.0001,UTC+8,"[0.0124, 0.0, 0.0398, 0.0078, 0.1288, 1.0059]","[0.0223, 0.0089, 0.0124]"
1730117439098,BTC_USDT,68608.5,0.0125,68608.5,68641.8,613042179,4162211395.42087,75505.9,61777.6,67095,68832.7,68608.5,68608.6,85321990,848.5,0.0001,UTC+8,"[0.0125, 0.0, 0.0399, 0.0079, 0.1289, 1.0061]","[0.0224, 0.009, 0.0125]"
1730117442096,BTC_USDT,68608.6,0.0125,68608.5,68641.8,613043348,4162219417.47221,75505.9,61777.6,67095,68832.7,68608.5,68608.6,85324142,848.6,0.0001,UTC+8,"[0.0125, 0.0, 0.0399, 0.0079, 0.1289, 1.0061]","[0.0224, 0.009, 0.0125]"
1730117444097,BTC_USDT,68608.5,0.0125,68608.6,68641.9,613046377,4162240200.73068,75506.0,61777.7,67095,68832.7,68608.5,68608.6,85332802,848.5,0.0001,UTC+8,"[0.0125, 0.0, 0.0399, 0.0079, 0.1289, 1.0061]","[0.0224, 0.009, 0.0125]"
1730117446103,BTC_USDT,68610.1,0.0125,68610.1,68641.9,613096405,4162583443.66762,75506.0,61777.7,67095,68832.7,68610.1,68610.2,85476014,850.1,0.0001,UTC+8,"[0.0125, 0.0, 0.0399, 0.0079, 0.129, 1.0061]","[0.0224, 0.009, 0.0125]"
1730117448103,BTC_USDT,68610.1,0.0125,68610.1,68641.8,613101261,4162616757.34859,75505.9,61777.6,67095,68832.7,68610.1,68610.2,85548544,850.1,0.0001,UTC+8,"[0.0125, 0.0, 0.0399, 0.0079, 0.129, 1.0061]","[0.0224, 0.009, 0.0125]"
1730117451098,BTC_USDT,68606.0,0.0124,68607.1,68641.5,613107440,4162659151.60696,75505.6,61777.3,67095,68832.7,68605.9,68606.0,85551338,846.0,0.0001,UTC+8,"[0.0124, 0.0, 0.0398, 0.0079, 0.1289, 1.006]","[0.0224, 0.009, 0.0124]"
1730117453098,BTC_USDT,68603.3,0.0124,68607.1,68641.5,613109442,4162672884.70435,75505.6,61777.3,67095,68832.7,68603.2,68603.3,85483962,843.3,0.0001,UTC+8,"[0.0124, 0.0, 0.0398, 0.0078, 0.1289, 1.0059]","[0.0223, 0.0089, 0.0124]"
1730117455094,BTC_USDT,68599.9,0.0123,68606.9,68641.4,613192773,4163244539.76426,75505.5,61777.2,67095,68832.7,68599.9,68600.0,85941766,839.9,0.0001,UTC+8,"[0.0123, 0.0, 0.0398, 0.0078, 0.1288, 1.0058]","[0.0223, 0.0089, 0.0123]"
1730117457116,BTC_USDT,68600.0,0.0123,68606.9,68641.4,613198115,4163281182.4071,75505.5,61777.2,67095,68832.7,68599.9,68600.0,85570654,840.0,0.0001,UTC+8,"[0.0123, 0.0, 0.0398, 0.0078, 0.1288, 1.0058]","[0.0223, 0.0089, 0.0123]"
1730117460090,BTC_USDT,68599.9,0.0123,68606.6,68641.2,613201383,4163303604.30389,75505.3,61777.0,67095,68832.7,68599.9,68600.0,85780996,839.9,0.0001,UTC+8,"[0.0123, 0.0, 0.0398, 0.0078, 0.1288, 1.0058]","[0.0223, 0.0089, 0.0123]"
1730117462090,BTC_USDT,68590.9,0.0122,68595.3,68630.0,613204822,4163327192.49486,75493.0,61767.0,67095,68832.7,68590.8,68590.9,85328720,830.9,0.0001,UTC+8,"[0.0122, -0.0002, 0.0396, 0.0076, 0.1286, 1.0055]","[0.0222, 0.0087, 0.0122]"
1730117464085,BTC_USDT,68590.8,0.0122,68593.4,68628.1,613212052,4163376783.66583,75490.9,61765.2,67095,68832.7,68590.8,68590.9,85334734,830.8,0.0001,UTC+8,"[0.0122, -0.0002, 0.0396, 0.0076, 0.1286, 1.0055]","[0.0222, 0.0087, 0.0122]"
1730117466101,BTC_USDT,68590.7,0.0122,68593.3,68628.1,613217187,4163412001.59242,75490.9,61765.2,67095,68832.7,68595.5,68595.6,85795974,830.7,0.0001,UTC+8,"[0.0122, -0.0002, 0.0396, 0.0076, 0.1286, 1.0055]","[0.0222, 0.0087, 0.0122]"
1730117468084,BTC_USDT,68588.4,0.0122,68593.1,68626.7,613237772,4163553196.91511,75489.3,61764.0,67095,68832.7,68585.3,68586.6,85375660,828.4,0.0001,UTC+8,"[0.0122, -0.0002, 0.0396, 0.0076, 0.1286, 1.0055]","[0.0221, 0.0087, 0.0122]"
1730117471088,BTC_USDT,68578.6,0.012,68583.1,68617.8,613405374,4164702626.49165,75479.5,61756.0,67095,68832.7,68578.5,68578.6,85718670,818.6,0.0001,UTC+8,"[0.012, -0.0003, 0.0394, 0.0075, 0.1284, 1.0052]","[0.022, 0.0086, 0.012]"
1730117473089,BTC_USDT,68572.2,0.0119,68575.8,68610.5,613417707,4164787197.51947,75471.5,61749.4,67095,68832.7,68576.9,68577.0,85466670,812.2,0.0001,UTC+8,"[0.0119, -0.0004, 0.0393, 0.0074, 0.1283, 1.005]","[0.0219, 0.0085, 0.0119]"
1730117475094,BTC_USDT,68576.0,0.012,68576.0,68610.7,613520296,4165490734.7811,75471.7,61749.6,67095,68832.7,68575.9,68576.0,85593056,816.0,0.0001,UTC+8,"[0.012, -0.0004, 0.0394, 0.0074, 0.1284, 1.0051]","[0.0219, 0.0085, 0.012]"
1730117477094,BTC_USDT,68576.4,0.012,68576.0,68610.7,613529228,4165551985.17439,75471.7,61749.6,67095,68832.7,68576.4,68576.5,86054634,816.4,0.0001,UTC+8,"[0.012, -0.0004, 0.0394, 0.0074, 0.1284, 1.0051]","[0.0219, 0.0085, 0.012]"
1730117480091,BTC_USDT,68554.9,0.0117,68558.6,68593.3,613565031,4165797453.50345,75452.6,61733.9,67095,68832.7,68554.9,68555.0,85647038,794.9,0.0001,UTC+8,"[0.0117, -0.0007, 0.0391, 0.0071, 0.1281, 1.0045]","[0.0216, 0.0082, 0.0117]"
1730117482100,BTC_USDT,68570.0,0.0119,68572.6,68607.4,613578217,4165887867.94464,75468.1,61746.6,67095,68832.7,68569.9,68570.0,85752376,810.0,0.0001,UTC+8,"[0.0119, -0.0005, 0.0393, 0.0073, 0.1283, 1.0049]","[0.0218, 0.0084, 0.0119]"
1730117484102,BTC_USDT,68560.5,0.0118,68561.7,68596.5,613598721,4166028464.73261,75456.1,61736.8,67095,68832.7,68557.3,68557.4,85754658,800.5,0.0001,UTC+8,"[0.0118, -0.0006, 0.0392, 0.0072, 0.1281, 1.0046]","[0.0217, 0.0083, 0.0118]"
1730117486102,BTC_USDT,68564.5,0.0118,68564.4,68599.2,613638679,4166302432.56159,75459.1,61739.2,67095,68832.7,68564.4,68564.5,85788796,804.5,0.0001,UTC+8,"[0.0118, -0.0005, 0.0392, 0.0073, 0.1282, 1.0048]","[0.0218, 0.0084, 0.0118]"
1730117489085,BTC_USDT,68559.8,0.0118,68562.3,68597.1,613651002,4166386924.42101,75456.8,61737.3,67095,68832.7,68559.7,68559.8,85807528,799.8,0.0001,UTC+8,"[0.0118, -0.0006, 0.0391, 0.0072, 0.1281, 1.0046]","[0.0217, 0.0083, 0.0118]"
1730117491095,BTC_USDT,68559.7,0.0118,68561.9,68596.6,613668891,4166509570.87406,75456.2,61736.9,67095,68832.7,68558.1,68558.2,85840666,799.7,0.0001,UTC+8,"[0.0118, -0.0006, 0.0391, 0.0072, 0.1281, 1.0046]","[0.0217, 0.0083, 0.0118]"
1730117493092,BTC_USDT,68555.1,0.0117,68558.2,68592.2,613681587,4166596612.23541,75451.4,61732.9,67095,68832.7,68553.1,68553.2,86321096,795.1,0.0001,UTC+8,"[0.0117, -0.0007, 0.0391, 0.0071, 0.1281, 1.0045]","[0.0216, 0.0082, 0.0117]"
1730117495085,BTC_USDT,68553.2,0.0117,68557.5,68592.3,613688248,4166642274.50239,75451.5,61733.0,67095,68832.7,68553.1,68553.2,85482484,793.2,0.0001,UTC+8,"[0.0117, -0.0007, 0.039, 0.0071, 0.128, 1.0044]","[0.0216, 0.0082, 0.0117]"
1730117497093,BTC_USDT,68553.1,0.0117,68557.4,68592.3,613689996,4166654259.30269,75451.5,61733.0,67095,68832.7,68553.1,68553.2,85483440,793.1,0.0001,UTC+8,"[0.0117, -0.0007, 0.039, 0.0071, 0.128, 1.0044]","[0.0216, 0.0082, 0.0117]"
1730117500100,BTC_USDT,68553.0,0.0117,68556.9,68591.8,613718259,4166848017.28494,75450.9,61732.6,67095,68832.7,68553.0,68553.1,85957276,793.0,0.0001,UTC+8,"[0.0117, -0.0007, 0.039, 0.0071, 0.128, 1.0044]","[0.0216, 0.0082, 0.0117]"
1730117502093,BTC_USDT,68553.1,0.0117,68556.8,68591.8,613719198,4166854459.55469,75450.9,61732.6,67095,68832.7,68553.0,68553.1,85575146,793.1,0.0001,UTC+8,"[0.0117, -0.0007, 0.039, 0.0071, 0.128, 1.0044]","[0.0216, 0.0082, 0.0117]"
1730117504087,BTC_USDT,68552.0,0.0116,68555.2,68590.2,613725044,4166894532.11423,75449.2,61731.1,67095,68832.7,68551.9,68552.0,85579022,792.0,0.0001,UTC+8,"[0.0116, -0.0007, 0.039, 0.0071, 0.128, 1.0044]","[0.0216, 0.0082, 0.0116]"
1730117506097,BTC_USDT,68550.0,0.0116,68555.1,68590.1,613738483,4166986658.70801,75449.1,61731.0,67095,68832.7,68550.0,68550.1,85974082,790.0,0.0001,UTC+8,"[0.0116, -0.0008, 0.039, 0.007, 0.128, 1.0043]","[0.0215, 0.0081, 0.0116]"
1730117509086,BTC_USDT,68550.0,0.0116,68555.0,68590.1,613752116,4167080111.30631,75449.1,61731.0,67095,68832.7,68550.0,68550.1,85534730,790.0,0.0001,UTC+8,"[0.0116, -0.0008, 0.039, 0.007, 0.128, 1.0043]","[0.0215, 0.0081, 0.0116]"
1730117511096,BTC_USDT,68550.0,0.0116,68555.2,68590.3,613760593,4167138222.88134,75449.3,61731.2,67095,68832.7,68558.6,68558.7,86022970,790.0,0.0001,UTC+8,"[0.0116, -0.0008, 0.039, 0.007, 0.128, 1.0043]","[0.0215, 0.0081, 0.0116]"
1730117513098,BTC_USDT,68569.9,0.0119,68565.2,68600.3,613770528,4167206339.42199,75460.3,61740.2,67095,68832.7,68569.9,68570.0,85572044,809.9,0.0001,UTC+8,"[0.0119, -0.0005, 0.0393, 0.0073, 0.1283, 1.0049]","[0.0218, 0.0084, 0.0119]"
1730117515090,BTC_USDT,68562.1,0.0118,68564.9,68600.0,613852649,4167769438.31782,75460.0,61740.0,67095,68832.7,68562.1,68562.2,85572414,802.1,0.0001,UTC+8,"[0.0118, -0.0006, 0.0392, 0.0072, 0.1282, 1.0047]","[0.0217, 0.0083, 0.0118]"
1730117517097,BTC_USDT,68569.9,0.0119,68565.3,68600.4,613856565,4167796291.5753,75460.4,61740.3,67095,68832.7,68569.8,68569.9,85713378,809.9,0.0001,UTC+8,"[0.0119, -0.0005, 0.0393, 0.0073, 0.1283, 1.0049]","[0.0218, 0.0084, 0.0119]"
1730117520096,BTC_USDT,68576.5,0.012,68576.5,68610.4,613858227,4167807683.40668,75471.4,61749.3,67095,68832.7,68581.3,68581.4,85717118,816.5,0.0001,UTC+8,"[0.012, -0.0004, 0.0394, 0.0074, 0.1284, 1.0051]","[0.0219, 0.0085, 0.012]"
1730117522088,BTC_USDT,68573.1,0.0119,68573.5,68608.1,613888296,4168013884.02884,75468.9,61747.2,67095,68832.7,68573.1,68573.2,85737746,813.1,0.0001,UTC+8,"[0.0119, -0.0004, 0.0393, 0.0074, 0.1284, 1.005]","[0.0219, 0.0085, 0.0119]"
1730117524078,BTC_USDT,68573.1,0.0119,68573.5,68608.0,613888639,4168016234.37522,75468.8,61747.2,67095,68832.7,68573.0,68573.1,85738634,813.1,0.0001,UTC+8,"[0.0119, -0.0004, 0.0393, 0.0074, 0.1284, 1.005]","[0.0219, 0.0085, 0.0119]"
1730117526086,BTC_USDT,68570.3,0.0119,68572.7,68607.9,613900614,4168098350.8764,75468.6,61747.1,67095,68832.7,68561.1,68561.2,85369914,810.3,0.0001,UTC+8,"[0.0119, -0.0005, 0.0393, 0.0073, 0.1283, 1.0049]","[0.0218, 0.0084, 0.0119]"
1730117529091,BTC_USDT,68568.1,0.0119,68571.1,68606.4,613907773,4168147436.61832,75467.0,61745.7,67095,68832.7,68568.0,68568.1,85381224,808.1,0.0001,UTC+8,"[0.0119, -0.0005, 0.0393, 0.0073, 0.1283, 1.0049]","[0.0218, 0.0084, 0.0119]"
1730117531098,BTC_USDT,68568.0,0.0119,68570.9,68606.3,613908852,4168154836.82161,75466.9,61745.6,67095,68832.7,68568.0,68568.1,85313000,808.0,0.0001,UTC+8,"[0.0119, -0.0005, 0.0393, 0.0073, 0.1283, 1.0049]","[0.0218, 0.0084, 0.0119]"
1730117533091,BTC_USDT,68568.1,0.0119,68571.1,68606.5,613912282,4168178353.93818,75467.1,61745.8,67095,68832.7,68568.0,68568.1,85775704,808.1,0.0001,UTC+8,"[0.0119, -0.0005, 0.0393, 0.0073, 0.1283, 1.0049]","[0.0218, 0.0084, 0.0119]"
1730117535097,BTC_USDT,68569.2,0.0119,68571.1,68606.5,613914350,4168192532.12053,75467.1,61745.8,67095,68832.7,68569.2,68569.3,85391560,809.2,0.0001,UTC+8,"[0.0119, -0.0005, 0.0393, 0.0073, 0.1283, 1.0049]","[0.0218, 0.0084, 0.0119]"
1730117538094,BTC_USDT,68569.2,0.0119,68571.1,68606.5,613923510,4168255339.82056,75467.1,61745.8,67095,68832.7,68569.2,68569.3,85692386,809.2,0.0001,UTC+8,"[0.0119, -0.0005, 0.0393, 0.0073, 0.1283, 1.0049]","[0.0218, 0.0084, 0.0119]"
1730117540087,BTC_USDT,68572.4,0.0119,68571.2,68606.6,613925766,4168270809.20778,75467.2,61745.9,67095,68832.7,68572.3,68573.1,85694666,812.4,0.0001,UTC+8,"[0.0119, -0.0004, 0.0393, 0.0074, 0.1283, 1.005]","[0.0219, 0.0085, 0.0119]"
1730117542094,BTC_USDT,68576.5,0.012,68574.2,68609.7,613935842,4168339908.41101,75470.6,61748.7,67095,68832.7,68576.5,68576.6,85320258,816.5,0.0001,UTC+8,"[0.012, -0.0004, 0.0394, 0.0074, 0.1284, 1.0051]","[0.0219, 0.0085, 0.012]"
1730117544100,BTC_USDT,68576.6,0.012,68576.7,68612.2,613952298,4168452761.49262,75473.4,61750.9,67095,68832.7,68576.5,68579.9,85710650,816.6,0.0001,UTC+8,"[0.012, -0.0004, 0.0394, 0.0074, 0.1284, 1.0051]","[0.0219, 0.0085, 0.012]"
1730117546086,BTC_USDT,68581.4,0.0121,68581.4,68613.6,613954545,4168468171.49646,75474.9,61752.2,67095,68832.7,68581.3,68581.4,85713928,821.4,0.0001,UTC+8,"[0.0121, -0.0003, 0.0395, 0.0075, 0.1285, 1.0053]","[0.022, 0.0086, 0.0121]"
1730117549120,BTC_USDT,68581.4,0.0121,68581.4,68613.4,613960867,4168511526.90407,75474.7,61752.0,67095,68832.7,68581.3,68581.4,85724346,821.4,0.0001,UTC+8,"[0.0121, -0.0003, 0.0395, 0.0075, 0.1285, 1.0053]","[0.022, 0.0086, 0.0121]"
1730117551097,BTC_USDT,68565.5,0.0118,68570.5,68605.7,613976973,4168621962.1476,75466.2,61745.1,67095,68832.7,68565.5,68565.6,85305368,805.5,0.0001,UTC+8,"[0.0118, -0.0005, 0.0392, 0.0073, 0.1282, 1.0048]","[0.0218, 0.0084, 0.0118]"
1730117553103,BTC_USDT,68565.6,0.0118,68565.5,68598.3,613981528,4168653192.02613,75458.1,61738.4,67095,68832.7,68565.5,68565.6,85307438,805.6,0.0001,UTC+8,"[0.0118, -0.0005, 0.0392, 0.0073, 0.1282, 1.0048]","[0.0218, 0.0084, 0.0118]"
1730117555099,BTC_USDT,68574.9,0.012,68573.2,68608.7,613986983,4168690596.85881,75469.5,61747.8,67095,68832.7,68574.9,68575.0,85685904,814.9,0.0001,UTC+8,"[0.012, -0.0004, 0.0394, 0.0074, 0.1284, 1.0051]","[0.0219, 0.0085, 0.012]"
1730117558095,BTC_USDT,68566.4,0.0119,68568.7,68604.2,613990532,4168714931.14115,75464.6,61743.7,67095,68832.7,68566.3,68566.4,85235184,806.4,0.0001,UTC+8,"[0.0119, -0.0005, 0.0392, 0.0073, 0.1282, 1.0048]","[0.0218, 0.0084, 0.0119]"
1730117560090,BTC_USDT,68575.0,0.012,68569.0,68604.5,613998874,4168772138.10969,75464.9,61744.0,67095,68832.7,68574.9,68575.0,85692790,815.0,0.0001,UTC+8,"[0.012, -0.0004, 0.0394, 0.0074, 0.1284, 1.0051]","[0.0219, 0.0085, 0.012]"
1730117562087,BTC_USDT,68581.3,0.0121,68577.1,68612.6,614017081,4168897003.95783,75473.8,61751.3,67095,68832.7,68581.3,68581.4,85738162,821.3,0.0001,UTC+8,"[0.0121, -0.0003, 0.0395, 0.0075, 0.1285, 1.0053]","[0.022, 0.0086, 0.0121]"
1730117564095,BTC_USDT,68581.3,0.0121,68581.3,68612.6,614034213,4169014499.24544,75473.8,61751.3,67095,68832.7,68581.3,68581.4,85320030,821.3,0.0001,UTC+8,"[0.0121, -0.0003, 0.0395, 0.0075, 0.1285, 1.0053]","[0.022, 0.0086, 0.0121]"
1730117566089,BTC_USDT,68575.5,0.012,68576.9,68612.4,614049868,4169121861.48333,75473.6,61751.1,67095,68832.7,68575.5,68575.6,85819846,815.5,0.0001,UTC+8,"[0.012, -0.0004, 0.0394, 0.0074, 0.1284, 1.0051]","[0.0219, 0.0085, 0.012]"
1730117569097,BTC_USDT,68575.6,0.012,68575.6,68604.7,614056094,4169164554.92839,75465.1,61744.2,67095,68832.7,68575.5,68575.6,85822258,815.6,0.0001,UTC+8,"[0.012, -0.0004, 0.0394, 0.0074, 0.1284, 1.0051]","[0.0219, 0.0085, 0.012]"
1730117571091,BTC_USDT,68575.5,0.012,68575.5,68604.7,614056179,4169165136.10576,75465.1,61744.2,67095,68832.7,68575.5,68575.6,85287492,815.5,0.0001,UTC+8,"[0.012, -0.0004, 0.0394, 0.0074, 0.1284, 1.0051]","[0.0219, 0.0085, 0.012]"
1730117573088,BTC_USDT,68578.7,0.012,68575.6,68604.8,614059455,4169187606.66475,75465.2,61744.3,67095,68832.7,68578.7,68578.8,85751074,818.7,0.0001,UTC+8,"[0.012, -0.0003, 0.0394, 0.0075, 0.1284, 1.0052]","[0.022, 0.0086, 0.012]"
1730117575098,BTC_USDT,68578.8,0.012,68578.8,68612.4,614062885,4169211127.47294,75473.6,61751.1,67095,68832.7,68578.7,68578.8,85758788,818.8,0.0001,UTC+8,"[0.012, -0.0003, 0.0394, 0.0075, 0.1284, 1.0052]","[0.022, 0.0086, 0.012]"
1730117578101,BTC_USDT,68578.7,0.012,68578.8,68612.4,614069907,4169259285.22075,75473.6,61751.1,67095,68832.7,68578.7,68578.8,85317500,818.7,0.0001,UTC+8,"[0.012, -0.0003, 0.0394, 0.0075, 0.1284, 1.0052]","[0.022, 0.0086, 0.012]"
1730117580099,BTC_USDT,68578.8,0.012,68578.8,68612.4,614069970,4169259712.12365,75473.6,61751.1,67095,68832.7,68578.7,68578.8,85774468,818.8,0.0001,UTC+8,"[0.012, -0.0003, 0.0394, 0.0075, 0.1284, 1.0052]","[0.022, 0.0086, 0.012]"
1730117582093,BTC_USDT,68578.7,0.012,68578.7,68612.4,614071257,4169268543.34767,75473.6,61751.1,67095,68832.7,68578.7,68578.8,85774468,818.7,0.0001,UTC+8,"[0.012, -0.0003, 0.0394, 0.0075, 0.1284, 1.0052]","[0.022, 0.0086, 0.012]"
1730117584094,BTC_USDT,68585.0,0.0121,68578.7,68612.7,614073431,4169283449.50659,75473.9,61751.4,67095,68832.7,68595.6,68595.7,85322798,825.0,0.0001,UTC+8,"[0.0121, -0.0002, 0.0395, 0.0076, 0.1286, 1.0054]","[0.0221, 0.0087, 0.0121]"
1730117587090,BTC_USDT,68600.0,0.0123,68600.0,68633.6,614081772,4169340672.09208,75496.9,61770.2,67095,68832.7,68599.9,68600.0,85403078,840.0,0.0001,UTC+8,"[0.0123, 0.0, 0.0398, 0.0078, 0.1288, 1.0058]","[0.0223, 0.0089, 0.0123]"
1730117589090,BTC_USDT,68606.5,0.0124,68606.5,68641.3,614128456,4169660941.48314,75505.4,61777.1,67095,68832.7,68606.9,68607.0,85794522,846.5,0.0001,UTC+8,"[0.0124, 0.0, 0.0399, 0.0079, 0.1289, 1.006]","[0.0224, 0.009, 0.0124]"
1730117591092,BTC_USDT,68607.0,0.0125,68607.0,68641.3,614139361,4169735757.33609,75505.4,61777.1,67095,68832.7,68606.9,68607.0,85359588,847.0,0.0001,UTC+8,"[0.0125, 0.0, 0.0399, 0.0079, 0.1289, 1.006]","[0.0224, 0.009, 0.0125]"
1730117593097,BTC_USDT,68615.3,0.0126,68607.0,68641.4,614183613,4170039366.7408,75505.5,61777.2,67095,68832.7,68615.2,68615.3,85377678,855.3,0.0001,UTC+8,"[0.0126, 0.0001, 0.04, 0.008, 0.1291, 1.0063]","[0.0225, 0.0091, 0.0126]"
1730117595097,BTC_USDT,68615.2,0.0126,68615.2,68641.8,614192374,4170099478.87676,75505.9,61777.6,67095,68832.7,68615.2,68615.3,85451608,855.2,0.0001,UTC+8,"[0.0126, 0.0001, 0.04, 0.008, 0.129, 1.0062]","[0.0225, 0.0091, 0.0126]"
1730117598092,BTC_USDT,68620.0,0.0126,68615.2,68642.7,614217303,4170270528.93293,75506.9,61778.4,67095,68832.7,68624.0,68624.1,85491496,860.0,0.0001,UTC+8,"[0.0126, 0.0002, 0.0401, 0.0081, 0.1291, 1.0064]","[0.0226, 0.0092, 0.0126]"
1730117600101,BTC_USDT,68629.3,0.0128,68629.3,68658.0,614250443,4170497962.10452,75523.8,61792.2,67095,68832.7,68629.2,68629.3,85495032,869.3,0.0001,UTC+8,"[0.0128, 0.0003, 0.0402, 0.0082, 0.1293, 1.0067]","[0.0227, 0.0093, 0.0128]"
1730117602088,BTC_USDT,68630.7,0.0128,68630.4,68661.8,614255233,4170530837.36043,75527.9,61795.6,67095,68832.7,68630.7,68630.8,85112316,870.7,0.0001,UTC+8,"[0.0128, 0.0003, 0.0402, 0.0082, 0.1293, 1.0067]","[0.0227, 0.0093, 0.0128]"
1730117604087,BTC_USDT,68630.7,0.0128,68630.8,68661.8,614262219,4170578784.54762,75527.9,61795.6,67095,68832.7,68630.7,68630.8,85130944,870.7,0.0001,UTC+8,"[0.0128, 0.0003, 0.0402, 0.0082, 0.1293, 1.0067]","[0.0227, 0.0093, 0.0128]"
1730117607085,BTC_USDT,68630.7,0.0128,68630.7,68661.8,614262477,4170580555.22036,75527.9,61795.6,67095,68832.7,68630.7,68630.8,85516156,870.7,0.0001,UTC+8,"[0.0128, 0.0003, 0.0402, 0.0082, 0.1293, 1.0067]","[0.0227, 0.0093, 0.0128]"
1730117609080,BTC_USDT,68630.7,0.0128,68630.7,68664.7,614276316,4170675528.09966,75531.1,61798.2,67095,68832.7,68630.7,68630.8,85131780,870.7,0.0001,UTC+8,"[0.0128, 0.0003, 0.0402, 0.0082, 0.1293, 1.0067]","[0.0227, 0.0093, 0.0128]"
1730117611091,BTC_USDT,68641.9,0.013,68639.7,68670.1,614299874,4170837231.23349,75537.1,61803.0,67095,68832.7,68641.8,68641.9,85519272,881.9,0.0001,UTC+8,"[0.013, 0.0005, 0.0404, 0.0084, 0.1295, 1.007]","[0.0229, 0.0095, 0.013]"
1730117613096,BTC_USDT,68641.8,0.013,68641.8,68670.1,614338463,4171102113.17125,75537.1,61803.0,67095,68832.7,68641.8,68641.9,85155734,881.8,0.0001,UTC+8,"[0.013, 0.0005, 0.0404, 0.0084, 0.1295, 1.007]","[0.0229, 0.0095, 0.013]"
1730117616091,BTC_USDT,68641.9,0.013,68641.8,68670.1,614342973,4171133074.0797,75537.1,61803.0,67095,68832.7,68641.8,68641.9,85166532,881.9,0.0001,UTC+8,"[0.013, 0.0005, 0.0404, 0.0084, 0.1295, 1.007]","[0.0229, 0.0095, 0.013]"
1730117618098,BTC_USDT,68635.6,0.0129,68641.9,68669.8,614383256,4171409555.46645,75536.7,61802.8,67095,68832.7,68635.6,68635.7,85512680,875.6,0.0001,UTC+8,"[0.0129, 0.0004, 0.0403, 0.0083, 0.1294, 1.0068]","[0.0228, 0.0094, 0.0129]"
1730117620089,BTC_USDT,68641.0,0.013,68641.0,68670.0,614386622,4171432658.22568,75537.0,61803.0,67095,68832.7,68640.9,68641.0,85521528,881.0,0.0001,UTC+8,"[0.013, 0.0005, 0.0404, 0.0084, 0.1295, 1.007]","[0.0229, 0.0095, 0.013]"
1730117622090,BTC_USDT,68641.9,0.013,68641.0,68670.2,614400838,4171530241.16415,75537.2,61803.1,67095,68832.7,68642.4,68642.5,85085636,881.9,0.0001,UTC+8,"[0.013, 0.0005, 0.0404, 0.0084, 0.1295, 1.007]","[0.0229, 0.0095, 0.013]"
1730117625097,BTC_USDT,68637.8,0.0129,68642.4,68670.0,614455899,4171908185.07874,75537.0,61803.0,67095,68832.7,68637.8,68637.9,85628798,877.8,0.0001,UTC+8,"[0.0129, 0.0004, 0.0403, 0.0083, 0.1294, 1.0069]","[0.0229, 0.0094, 0.0129]"
1730117627091,BTC_USDT,68637.8,0.0129,68637.8,68669.9,614490156,4172143317.62694,75536.8,61802.9,67095,68832.7,68637.8,68637.9,85299402,877.8,0.0001,UTC+8,"[0.0129, 0.0004, 0.0403, 0.0083, 0.1294, 1.0069]","[0.0229, 0.0094, 0.0129]"
1730117629094,BTC_USDT,68637.9,0.0129,68637.8,68669.9,614510343,4172281881.90804,75536.8,61802.9,67095,68832.7,68637.8,68637.9,85313776,877.9,0.0001,UTC+8,"[0.0129, 0.0004, 0.0403, 0.0083, 0.1294, 1.0069]","[0.0229, 0.0094, 0.0129]"
1730117631088,BTC_USDT,68636.9,0.0129,68636.8,68669.9,614527578,4172400178.319,75536.8,61802.9,67095,68832.7,68636.8,68636.9,85353164,876.9,0.0001,UTC+8,"[0.0129, 0.0004, 0.0403, 0.0083, 0.1294, 1.0069]","[0.0228, 0.0094, 0.0129]"
1730117633090,BTC_USDT,68628.9,0.0128,68636.8,68669.7,614535630,4172455444.48046,75536.6,61802.7,67095,68832.7,68628.0,68628.1,85429180,868.9,0.0001,UTC+8,"[0.0128, 0.0003, 0.0402, 0.0082, 0.1293, 1.0066]","[0.0227, 0.0093, 0.0128]"
1730117636084,BTC_USDT,68625.1,0.0127,68625.3,68660.0,614551349,4172563315.59778,75526.0,61794.0,67095,68832.7,68625.0,68625.1,85707256,865.1,0.0001,UTC+8,"[0.0127, 0.0002, 0.0401, 0.0081, 0.1292, 1.0065]","[0.0227, 0.0093, 0.0127]"
1730117638089,BTC_USDT,68625.1,0.0127,68625.2,68660.0,614570046,4172691622.05585,75526.0,61794.0,67095,68832.7,68625.0,68625.1,85748622,865.1,0.0001,UTC+8,"[0.0127, 0.0002, 0.0401, 0.0081, 0.1292, 1.0065]","[0.0227, 0.0093, 0.0127]"
1730117640092,BTC_USDT,68629.7,0.0128,68625.4,68660.2,614571537,4172701859.21814,75526.2,61794.1,67095,68832.7,68629.7,68629.8,85292224,869.7,0.0001,UTC+8,"[0.0128, 0.0003, 0.0402, 0.0082, 0.1293, 1.0067]","[0.0227, 0.0093, 0.0128]"
1730117642084,BTC_USDT,68632.4,0.0128,68630.8,68660.3,614572728,4172710028.16637,75526.3,61794.2,67095,68832.7,68632.5,68632.6,85295388,872.4,0.0001,UTC+8,"[0.0128, 0.0003, 0.0402, 0.0083, 0.1293, 1.0068]","[0.0228, 0.0094, 0.0128]"
1730117645087,BTC_USDT,68625.9,0.0127,68632.6,68659.4,614583351,4172782935.23466,75525.3,61793.4,67095,68832.7,68625.8,68625.9,85779652,865.9,0.0001,UTC+8,"[0.0127, 0.0003, 0.0401, 0.0082, 0.1292, 1.0066]","[0.0227, 0.0093, 0.0127]"
1730117647099,BTC_USDT,68625.9,0.0127,68625.8,68659.4,614583602,4172784659.45804,75525.3,61793.4,67095,68832.7,68625.8,68625.9,85779670,865.9,0.0001,UTC+8,"[0.0127, 0.0003, 0.0401, 0.0082, 0.1292, 1.0066]","[0.0227, 0.0093, 0.0127]"
1730117649091,BTC_USDT,68625.8,0.0127,68625.8,68659.5,614586029,4172801314.94532,75525.4,61793.5,67095,68832.7,68625.8,68625.9,85328732,865.8,0.0001,UTC+8,"[0.0127, 0.0003, 0.0401, 0.0082, 0.1292, 1.0066]","[0.0227, 0.0093, 0.0127]"
1730117651098,BTC_USDT,68625.8,0.0127,68625.9,68659.5,614597343,4172878956.57126,75525.4,61793.5,67095,68832.7,68625.8,68625.9,85815800,865.8,0.0001,UTC+8,"[0.0127, 0.0003, 0.0401, 0.0082, 0.1292, 1.0066]","[0.0227, 0.0093, 0.0127]"
1730117653096,BTC_USDT,68625.8,0.0127,68625.9,68659.5,614597497,4172880016.84126,75525.4,61793.5,67095,68832.7,68625.8,68625.9,85816092,865.8,0.0001,UTC+8,"[0.0127, 0.0003, 0.0401, 0.0082, 0.1292, 1.0066]","[0.0227, 0.0093, 0.0127]"
1730117656095,BTC_USDT,68625.8,0.0127,68625.9,68659.5,614597543,4172880330.80434,75525.4,61793.5,67095,68832.7,68625.8,68625.9,85721776,865.8,0.0001,UTC+8,"[0.0127, 0.0003, 0.0401, 0.0082, 0.1292, 1.0066]","[0.0227, 0.0093, 0.0127]"
1730117658101,BTC_USDT,68625.9,0.0127,68625.8,68659.5,614598007,4172883516.7573,75525.4,61793.5,67095,68832.7,68625.8,68625.9,85721776,865.9,0.0001,UTC+8,"[0.0127, 0.0003, 0.0401, 0.0082, 0.1292, 1.0066]","[0.0227, 0.0093, 0.0127]"
1730117660092,BTC_USDT,68625.8,0.0127,68625.8,68659.5,614599662,4172894870.89596,75525.4,61793.5,67095,68832.7,68625.8,68625.9,85267150,865.8,0.0001,UTC+8,"[0.0127, 0.0003, 0.0401, 0.0082, 0.1292, 1.0066]","[0.0227, 0.0093, 0.0127]"
1730117662103,BTC_USDT,68625.9,0.0127,68625.8,68659.5,614599853,4172896183.36446,75525.4,61793.5,67095,68832.7,68625.8,68625.9,85724374,865.9,0.0001,UTC+8,"[0.0127, 0.0003, 0.0401, 0.0082, 0.1292, 1.0066]","[0.0227, 0.0093, 0.0127]"
1730117665093,BTC_USDT,68625.9,0.0127,68625.8,68659.5,614604415,4172927492.19379,75525.4,61793.5,67095,68832.7,68625.8,68625.9,85736450,865.9,0.0001,UTC+8,"[0.0127, 0.0003, 0.0401, 0.0082, 0.1292, 1.0066]","[0.0227, 0.0093, 0.0127]"
1730117667093,BTC_USDT,68625.9,0.0127,68625.8,68659.5,614604438,4172927646.60192,75525.4,61793.5,67095,68832.7,68625.8,68625.9,85279476,865.9,0.0001,UTC+8,"[0.0127, 0.0003, 0.0401, 0.0082, 0.1292, 1.0066]","[0.0227, 0.0093, 0.0127]"
1730117669095,BTC_USDT,68615.4,0.0126,68615.8,68650.3,614618321,4173022915.54613,75515.3,61785.2,67095,68832.7,68622.9,68623.0,85771016,855.4,0.0001,UTC+8,"[0.0126, 0.0001, 0.04, 0.008, 0.1291, 1.0063]","[0.0225, 0.0091, 0.0126]"
1730117671093,BTC_USDT,68625.7,0.0127,68625.7,68656.2,614640636,4173176052.19262,75521.8,61790.5,67095,68832.7,68625.7,68625.8,85359578,865.7,0.0001,UTC+8,"[0.0127, 0.0003, 0.0401, 0.0082, 0.1292, 1.0066]","[0.0227, 0.0093, 0.0127]"
1730117673099,BTC_USDT,68625.7,0.0127,68625.8,68656.2,614640701,4173176499.9754,75521.8,61790.5,67095,68832.7,68625.7,68625.8,85816558,865.7,0.0001,UTC+8,"[0.0127, 0.0003, 0.0401, 0.0082, 0.1292, 1.0066]","[0.0227, 0.0093, 0.0127]"
1730117676091,BTC_USDT,68625.7,0.0127,68625.7,68656.2,614643978,4173198992.06535,75521.8,61790.5,67095,68832.7,68625.7,68625.8,85302426,865.7,0.0001,UTC+8,"[0.0127, 0.0003, 0.0401, 0.0082, 0.1292, 1.0066]","[0.0227, 0.0093, 0.0127]"
1730117678097,BTC_USDT,68629.6,0.0128,68625.7,68659.7,614645198,4173207360.98969,75525.6,61793.7,67095,68832.7,68629.6,68629.7,85762520,869.6,0.0001,UTC+8,"[0.0128, 0.0003, 0.0402, 0.0082, 0.1293, 1.0067]","[0.0227, 0.0093, 0.0128]"
1730117680095,BTC_USDT,68635.7,0.0129,68629.7,68662.3,614646103,4173213574.19347,75528.5,61796.0,67095,68832.7,68635.6,68635.7,85378212,875.7,0.0001,UTC+8,"[0.0129, 0.0004, 0.0403, 0.0083, 0.1294, 1.0068]","[0.0228, 0.0094, 0.0129]"
1730117682099,BTC_USDT,68641.8,0.013,68638.8,68670.1,614694227,4173543897.84438,75537.1,61803.0,67095,68832.7,68641.7,68641.8,85835682,881.8,0.0001,UTC+8,"[0.013, 0.0005, 0.0404, 0.0084, 0.1295, 1.007]","[0.0229, 0.0095, 0.013]"
1730117685090,BTC_USDT,68645.0,0.013,68645.0,68674.3,614697241,4173564589.08816,75541.7,61806.8,67095,68832.7,68644.9,68645.0,85839634,885.0,0.0001,UTC+8,"[0.013, 0.0005, 0.0404, 0.0084, 0.1295, 1.0071]","[0.023, 0.0095, 0.013]"
1730117687089,BTC_USDT,68655.9,0.0132,68651.4,68685.7,614714221,4173681156.35333,75554.2,61817.1,67095,68832.7,68655.8,68655.9,85858504,895.9,0.0001,UTC+8,"[0.0132, 0.0007, 0.0406, 0.0086, 0.1297, 1.0074]","[0.0231, 0.0097, 0.0132]"
1730117689092,BTC_USDT,68659.0,0.0132,68659.0,68689.6,614762130,4174010083.88226,75558.5,61820.6,67095,68832.7,68658.9,68659.0,85877600,899.0,0.0001,UTC+8,"[0.0132, 0.0007, 0.0406, 0.0086, 0.1298, 1.0075]","[0.0232, 0.0097, 0.0132]"
1730117691102,BTC_USDT,68659.0,0.0132,68658.9,68689.6,614790528,4174205061.70072,75558.5,61820.6,67095,68832.7,68658.9,68659.0,85490272,899.0,0.0001,UTC+8,"[0.0132, 0.0007, 0.0406, 0.0086, 0.1298, 1.0075]","[0.0232, 0.0097, 0.0132]"
1730117693089,BTC_USDT,68658.9,0.0132,68658.9,68689.6,614805513,4174307941.95798,75558.5,61820.6,67095,68832.7,68658.9,68659.0,85137380,898.9,0.0001,UTC+8,"[0.0132, 0.0007, 0.0406, 0.0086, 0.1298, 1.0075]","[0.0232, 0.0097, 0.0132]"
1730117696092,BTC_USDT,68654.0,0.0131,68659.0,68689.4,614808281,4174326947.82285,75558.3,61820.4,67095,68832.7,68654.0,68654.1,85211828,894.0,0.0001,UTC+8,"[0.0131, 0.0007, 0.0406, 0.0086, 0.1297, 1.0074]","[0.0231, 0.0097, 0.0131]"
1730117698089,BTC_USDT,68653.0,0.0131,68655.2,68689.3,615116765,4176444811.77988,75558.2,61820.3,67095,68832.7,68653.0,68653.1,85991302,893.0,0.0001,UTC+8,"[0.0131, 0.0006, 0.0406, 0.0086, 0.1297, 1.0074]","[0.0231, 0.0097, 0.0131]"
1730117700112,BTC_USDT,68652.8,0.0131,68655.2,68689.3,615119421,4176463049.40821,75558.2,61820.3,67095,68832.7,68652.8,68652.9,85994200,892.8,0.0001,UTC+8,"[0.0131, 0.0006, 0.0406, 0.0086, 0.1297, 1.0073]","[0.0231, 0.0097, 0.0131]"
1730117702123,BTC_USDT,68652.9,0.0131,68655.2,68689.3,615127219,4176516583.14545,75558.2,61820.3,67095,68832.7,68652.8,68652.9,85942652,892.9,0.0001,UTC+8,"[0.0131, 0.0006, 0.0406, 0.0086, 0.1297, 1.0074]","[0.0231, 0.0097, 0.0131]"
1730117705093,BTC_USDT,68656.9,0.0132,68655.5,68689.6,615161859,4176754402.16194,75558.5,61820.6,67095,68832.7,68656.8,68656.9,86102848,896.9,0.0001,UTC+8,"[0.0132, 0.0007, 0.0406, 0.0086, 0.1297, 1.0075]","[0.0231, 0.0097, 0.0132]"
1730117707089,BTC_USDT,68659.9,0.0132,68658.2,68692.3,615173646,4176835330.80168,75561.5,61823.0,67095,68832.7,68659.9,68660.0,86514390,899.9,0.0001,UTC+8,"[0.0132, 0.0008, 0.0407, 0.0087, 0.1298, 1.0076]","[0.0232, 0.0098, 0.0132]"
1730117709091,BTC_USDT,68663.0,0.0133,68662.3,68696.4,615177999,4176865213.56643,75566.0,61826.7,67095,68832.7,68665.6,68665.7,86133278,903.0,0.0001,UTC+8,"[0.0133, 0.0008, 0.0407, 0.0087, 0.1298, 1.0076]","[0.0232, 0.0098, 0.0133]"
1730117711106,BTC_USDT,68673.5,0.0134,68673.5,68700.0,615244694,4177323185.99407,75570.0,61830.0,67095,68832.7,68673.4,68673.5,86152818,913.5,0.0001,UTC+8,"[0.0134, 0.0009, 0.0409, 0.0089, 0.13, 1.008]","[0.0234, 0.01, 0.0134]"
1730117713100,BTC_USDT,68665.0,0.0133,68673.5,68699.9,615257376,4177410272.19873,75569.8,61829.9,67095,68832.7,68664.9,68665.0,86090344,905.0,0.0001,UTC+8,"[0.0133, 0.0008, 0.0407, 0.0087, 0.1299, 1.0077]","[0.0233, 0.0098, 0.0133]"
1730117716097,BTC_USDT,68665.0,0.0133,68665.5,68699.5,615267018,4177476484.13237,75569.4,61829.5,67095,68832.7,68664.9,68665.0,85868722,905.0,0.0001,UTC+8,"[0.0133, 0.0008, 0.0407, 0.0087, 0.1299, 1.0077]","[0.0233, 0.0098, 0.0133]"
1730117718100,BTC_USDT,68663.1,0.0133,68665.4,68699.4,615267177,4177477570.72743,75569.3,61829.4,67095,68832.7,68663.0,68663.1,86253494,903.1,0.0001,UTC+8,"[0.0133, 0.0008, 0.0407, 0.0087, 0.1298, 1.0076]","[0.0232, 0.0098, 0.0133]"
1730117720092,BTC_USDT,68663.1,0.0133,68663.1,68696.7,615270584,4177500965.95722,75566.3,61827.0,67095,68832.7,68663.0,68663.1,86255554,903.1,0.0001,UTC+8,"[0.0133, 0.0008, 0.0407, 0.0087, 0.1298, 1.0076]","[0.0232, 0.0098, 0.0133]"
1730117722094,BTC_USDT,68663.1,0.0133,68663.0,68696.7,615397539,4178372675.83269,75566.3,61827.0,67095,68832.7,68663.0,68663.1,86592822,903.1,0.0001,UTC+8,"[0.0133, 0.0008, 0.0407, 0.0087, 0.1298, 1.0076]","[0.0232, 0.0098, 0.0133]"
1730117725084,BTC_USDT,68663.1,0.0133,68663.0,68696.7,615398553,4178379643.41151,75566.3,61827.0,67095,68832.7,68663.0,68663.1,86595290,903.1,0.0001,UTC+8,"[0.0133, 0.0008, 0.0407, 0.0087, 0.1298, 1.0076]","[0.0232, 0.0098, 0.0133]"
1730117727090,BTC_USDT,68663.1,0.0133,68663.0,68696.3,615398797,4178381317.07241,75565.9,61826.6,67095,68832.7,68663.0,68663.1,86138886,903.1,0.0001,UTC+8,"[0.0133, 0.0008, 0.0407, 0.0087, 0.1298, 1.0076]","[0.0232, 0.0098, 0.0133]"
1730117729090,BTC_USDT,68663.1,0.0133,68663.0,68696.3,615404001,4178417045.91105,75565.9,61826.6,67095,68832.7,68663.0,68663.1,86220088,903.1,0.0001,UTC+8,"[0.0133, 0.0008, 0.0407, 0.0087, 0.1298, 1.0076]","[0.0232, 0.0098, 0.0133]"
1730117731096,BTC_USDT,68665.7,0.0133,68665.7,68696.8,615404606,4178421201.82374,75566.4,61827.1,67095,68832.7,68665.7,68665.8,86149138,905.7,0.0001,UTC+8,"[0.0133, 0.0008, 0.0407, 0.0087, 0.1299, 1.0077]","[0.0233, 0.0098, 0.0133]"
1730117733123,BTC_USDT,68673.0,0.0134,68665.8,68699.6,615406662,4178435318.51602,75569.5,61829.6,67095,68832.7,68672.9,68673.0,86609910,913.0,0.0001,UTC+8,"[0.0134, 0.0009, 0.0409, 0.0089, 0.13, 1.0079]","[0.0234, 0.01, 0.0134]"
1730117736093,BTC_USDT,68673.5,0.0134,68672.9,68705.2,615490029,4179007829.0418,75575.7,61834.6,67095,68832.7,68673.5,68673.6,86374796,913.5,0.0001,UTC+8,"[0.0134, 0.0009, 0.0409, 0.0089, 0.13, 1.008]","[0.0234, 0.01, 0.0134]"
1730117738092,BTC_USDT,68680.2,0.0135,68680.1,68709.6,615494336,4179037403.47043,75580.5,61838.6,67095,68832.7,68680.1,68680.2,86832930,920.2,0.0001,UTC+8,"[0.0135, 0.001, 0.041, 0.009, 0.1301, 1.0081]","[0.0235, 0.0101, 0.0135]"
1730117740095,BTC_USDT,68680.2,0.0135,68680.1,68709.5,615498954,4179069123.38701,75580.4,61838.5,67095,68832.7,68675.1,68675.2,86206084,920.2,0.0001,UTC+8,"[0.0135, 0.001, 0.041, 0.009, 0.1301, 1.0081]","[0.0235, 0.0101, 0.0135]"
1730117742097,BTC_USDT,68668.1,0.0134,68675.3,68704.5,615500106,4179077034.28085,75574.9,61834.0,67095,68832.7,68668.0,68668.1,86206996,908.1,0.0001,UTC+8,"[0.0134, 0.0009, 0.0408, 0.0088, 0.1299, 1.0078]","[0.0233, 0.0099, 0.0134]"
1730117745090,BTC_USDT,68667.6,0.0133,68667.6,68698.6,615520269,4179215488.59134,75568.4,61828.7,67095,68832.7,68667.9,68668.0,86259780,907.6,0.0001,UTC+8,"[0.0133, 0.0009, 0.0408, 0.0088, 0.1299, 1.0078]","[0.0233, 0.0099, 0.0133]"
1730117747091,BTC_USDT,68672.1,0.0134,68670.3,68701.2,615535401,4179319395.29505,75571.3,61831.0,67095,68832.7,68672.0,68672.1,86373334,912.1,0.0001,UTC+8,"[0.0134, 0.0009, 0.0408, 0.0088, 0.13, 1.0079]","[0.0234, 0.0099, 0.0134]"
1730117749086,BTC_USDT,68674.0,0.0134,68674.1,68703.4,615535801,4179322145.61765,75573.7,61833.0,67095,68832.7,68674.0,68674.1,86301024,914.0,0.0001,UTC+8,"[0.0134, 0.001, 0.0409, 0.0089, 0.13, 1.008]","[0.0234, 0.01, 0.0134]"
1730117751097,BTC_USDT,68674.1,0.0134,68674.1,68703.4,615536199,4179324880.56269,75573.7,61833.0,67095,68832.7,68674.0,68674.1,86302406,914.1,0.0001,UTC+8,"[0.0134, 0.001, 0.0409, 0.0089, 0.13, 1.008]","[0.0234, 0.01, 0.0134]"
1730117753098,BTC_USDT,68674.1,0.0134,68674.0,68703.4,615540316,4179353151.97024,75573.7,61833.0,67095,68832.7,68674.0,68674.1,86769344,914.1,0.0001,UTC+8,"[0.0134, 0.001, 0.0409, 0.0089, 0.13, 1.008]","[0.0234, 0.01, 0.0134]"
1730117756097,BTC_USDT,68674.1,0.0134,68674.0,68703.4,615554638,4179451506.94677,75573.7,61833.0,67095,68832.7,68674.0,68674.1,86807434,914.1,0.0001,UTC+8,"[0.0134, 0.001, 0.0409, 0.0089, 0.13, 1.008]","[0.0234, 0.01, 0.0134]"
1730117758102,BTC_USDT,68674.1,0.0134,68674.1,68703.4,615575182,4179592591.01704,75573.7,61833.0,67095,68832.7,68674.0,68674.1,86861446,914.1,0.0001,UTC+8,"[0.0134, 0.001, 0.0409, 0.0089, 0.13, 1.008]","[0.0234, 0.01, 0.0134]"
1730117760095,BTC_USDT,68674.0,0.0134,68674.0,68703.4,615580182,4179626924.63311,75573.7,61833.0,67095,68832.7,68674.0,68674.1,86874530,914.0,0.0001,UTC+8,"[0.0134, 0.001, 0.0409, 0.0089, 0.13, 1.008]","[0.0234, 0.01, 0.0134]"
1730117762087,BTC_USDT,68674.0,0.0134,68674.0,68703.4,615581610,4179636736.43265,75573.7,61833.0,67095,68832.7,68674.0,68674.1,86489980,914.0,0.0001,UTC+8,"[0.0134, 0.001, 0.0409, 0.0089, 0.13, 1.008]","[0.0234, 0.01, 0.0134]"
1730117764129,BTC_USDT,68676.0,0.0135,68674.0,68704.2,615584217,4179654634.64571,75574.6,61833.7,67095,68832.7,68677.5,68677.6,86417738,916.0,0.0001,UTC+8,"[0.0135, 0.001, 0.0409, 0.0089, 0.13, 1.008]","[0.0234, 0.01, 0.0135]"
1730117767101,BTC_USDT,68677.5,0.0135,68677.6,68708.4,615585649,4179664472.69983,75579.2,61837.5,67095,68832.7,68677.5,68677.6,86420682,917.5,0.0001,UTC+8,"[0.0135, 0.001, 0.0409, 0.0089, 0.1301, 1.0081]","[0.0234, 0.01, 0.0135]"
1730117769095,BTC_USDT,68677.5,0.0135,68677.5,68708.3,615589521,4179691066.34579,75579.1,61837.4,67095,68832.7,68677.5,68677.6,86431004,917.5,0.0001,UTC+8,"[0.0135, 0.001, 0.0409, 0.0089, 0.1301, 1.0081]","[0.0234, 0.01, 0.0135]"
1730117771090,BTC_USDT,68686.1,0.0136,68686.1,68713.9,615615211,4179867518.9652,75585.2,61842.5,67095,68832.7,68686.0,68686.1,86912380,926.1,0.0001,UTC+8,"[0.0136, 0.0011, 0.0411, 0.009, 0.1302, 1.0083]","[0.0236, 0.0101, 0.0136]"
1730117773103,BTC_USDT,68686.1,0.0136,68686.1,68713.9,615617118,4179880619.11944,75585.2,61842.5,67095,68832.7,68686.0,68686.1,86459364,926.1,0.0001,UTC+8,"[0.0136, 0.0011, 0.0411, 0.009, 0.1302, 1.0083]","[0.0236, 0.0101, 0.0136]"
1730117776091,BTC_USDT,68686.0,0.0136,68686.0,68713.8,615619176,4179894749.55831,75585.1,61842.4,67095,68832.7,68686.0,68686.1,86462972,926.0,0.0001,UTC+8,"[0.0136, 0.0011, 0.0411, 0.009, 0.1302, 1.0083]","[0.0236, 0.0101, 0.0136]"
1730117778088,BTC_USDT,68686.0,0.0136,68686.1,68713.9,615655710,4180145692.1425,75585.2,61842.5,67095,68832.7,68686.0,68686.1,86921018,926.0,0.0001,UTC+8,"[0.0136, 0.0011, 0.0411, 0.009, 0.1302, 1.0083]","[0.0236, 0.0101, 0.0136]"
1730117780096,BTC_USDT,68686.1,0.0136,68686.1,68715.1,615661836,4180187764.09366,75586.6,61843.5,67095,68832.7,68686.0,68686.1,86317566,926.1,0.0001,UTC+8,"[0.0136, 0.0011, 0.0411, 0.009, 0.1302, 1.0083]","[0.0236, 0.0101, 0.0136]"
1730117782100,BTC_USDT,68686.0,0.0136,68686.0,68715.1,615662233,4180190494.36386,75586.6,61843.5,67095,68832.7,68686.0,68686.1,86390460,926.0,0.0001,UTC+8,"[0.0136, 0.0011, 0.0411, 0.009, 0.1302, 1.0083]","[0.0236, 0.0101, 0.0136]"
1730117784098,BTC_USDT,68686.1,0.0136,68686.1,68715.1,615677466,4180295120.46563,75586.6,61843.5,67095,68832.7,68686.0,68686.1,86358686,926.1,0.0001,UTC+8,"[0.0136, 0.0011, 0.0411, 0.009, 0.1302, 1.0083]","[0.0236, 0.0101, 0.0136]"
1730117787097,BTC_USDT,68685.9,0.0136,68686.0,68715.1,615677889,4180298031.03618,75586.6,61843.5,67095,68832.7,68681.6,68681.7,86359786,925.9,0.0001,UTC+8,"[0.0136, 0.0011, 0.0411, 0.009, 0.1302, 1.0083]","[0.0236, 0.0101, 0.0136]"
1730117789099,BTC_USDT,68681.6,0.0136,68682.0,68714.8,615679131,4180306561.29051,75586.2,61843.3,67095,68832.7,68681.5,68681.6,86819948,921.6,0.0001,UTC+8,"[0.0136, 0.0011, 0.041, 0.009, 0.1301, 1.0082]","[0.0235, 0.0101, 0.0136]"
1730117791099,BTC_USDT,68686.0,0.0136,68686.0,68716.4,615726864,4180634413.90084,75588.0,61844.7,67095,68832.7,68687.9,68688.0,86536518,926.0,0.0001,UTC+8,"[0.0136, 0.0011, 0.0411, 0.009, 0.1302, 1.0083]","[0.0236, 0.0101, 0.0136]"
1730117793101,BTC_USDT,68707.5,0.0139,68707.6,68738.6,615801177,4181144945.57318,75612.4,61864.7,67095,68832.7,68714.9,68715.0,87007550,947.5,0.0001,UTC+8,"[0.0139, 0.0014, 0.0414, 0.0094, 0.1306, 1.0089]","[0.0239, 0.0105, 0.0139]"
1730117796088,BTC_USDT,68720.7,0.0141,68719.9,68750.2,615818070,4181261034.55452,75625.2,61875.1,67095,68832.7,68721.5,68721.6,86366988,960.7,0.0001,UTC+8,"[0.0141, 0.0016, 0.0416, 0.0096, 0.1308, 1.0093]","[0.0241, 0.0107, 0.0141]"
1730117798088,BTC_USDT,68721.9,0.0141,68722.0,68754.6,615836249,4181385959.9505,75630.0,61879.1,67095,68832.7,68721.9,68722.0,86864602,961.9,0.0001,UTC+8,"[0.0141, 0.0017, 0.0416, 0.0096, 0.1308, 1.0094]","[0.0241, 0.0107, 0.0141]"
1730117800090,BTC_USDT,68733.0,0.0143,68727.4,68756.0,615932007,4182044075.15641,75631.6,61880.4,67095,68832.7,68732.9,68733.0,86539324,973.0,0.0001,UTC+8,"[0.0143, 0.0018, 0.0418, 0.0097, 0.131, 1.0097]","[0.0243, 0.0108, 0.0143]"
1730117802095,BTC_USDT,68746.0,0.0145,68741.2,68774.1,615936666,4182076106.02164,75651.5,61896.6,67095,68832.7,68747.7,68747.8,86927256,986.0,0.0001,UTC+8,"[0.0145, 0.002, 0.042, 0.0099, 0.1312, 1.0101]","[0.0245, 0.011, 0.0145]"
1730117804093,BTC_USDT,68749.1,0.0145,68749.9,68781.0,615993351,4182465812.87577,75659.1,61902.9,67095,68832.7,68747.0,68747.1,86924272,989.1,0.0001,UTC+8,"[0.0145, 0.0021, 0.042, 0.01, 0.1313, 1.0102]","[0.0245, 0.0111, 0.0145]"
1730117807090,BTC_USDT,68746.7,0.0145,68748.4,68780.8,616006083,4182553341.29652,75658.8,61902.7,67095,68832.7,68746.6,68746.7,86933534,986.7,0.0001,UTC+8,"[0.0145, 0.002, 0.042, 0.0099, 0.1312, 1.0101]","[0.0245, 0.011, 0.0145]"
1730117809102,BTC_USDT,68746.6,0.0145,68748.4,68780.8,616022994,4182669598.68801,75658.8,61902.7,67095,68832.7,68746.6,68746.7,86516580,986.6,0.0001,UTC+8,"[0.0145, 0.002, 0.042, 0.0099, 0.1312, 1.0101]","[0.0245, 0.011, 0.0145]"
1730117811093,BTC_USDT,68760.0,0.0147,68749.3,68781.6,616125510,4183374423.7299,75659.7,61903.4,67095,68832.7,68761.9,68762.0,86740842,1000.0,0.0001,UTC+8,"[0.0147, 0.0022, 0.0422, 0.0101, 0.1314, 1.0105]","[0.0247, 0.0112, 0.0147]"
1730117813096,BTC_USDT,68756.2,0.0147,68762.0,68787.7,616152548,4183560338.90039,75666.4,61908.9,67095,68832.7,68756.2,68756.3,87175044,996.2,0.0001,UTC+8,"[0.0147, 0.0022, 0.0421, 0.0101, 0.1314, 1.0104]","[0.0246, 0.0112, 0.0147]"
1730117816094,BTC_USDT,68759.5,0.0147,68759.5,68787.7,616172085,4183694676.66127,75666.4,61908.9,67095,68832.7,68759.5,68759.6,87188684,999.5,0.0001,UTC+8,"[0.0147, 0.0022, 0.0422, 0.0101, 0.1314, 1.0105]","[0.0247, 0.0112, 0.0147]"
1730117818100,BTC_USDT,68759.6,0.0147,68759.6,68787.7,616215473,4183993007.11622,75666.4,61908.9,67095,68832.7,68759.5,68759.6,86772972,999.6,0.0001,UTC+8,"[0.0147, 0.0022, 0.0422, 0.0101, 0.1314, 1.0105]","[0.0247, 0.0112, 0.0147]"
1730117820098,BTC_USDT,68754.9,0.0146,68753.6,68783.7,616254803,4184263412.79313,75662.0,61905.3,67095,68832.7,68754.8,68754.9,86397184,994.9,0.0001,UTC+8,"[0.0146, 0.0021, 0.0421, 0.0101, 0.1313, 1.0103]","[0.0246, 0.0112, 0.0146]"
1730117822088,BTC_USDT,68761.5,0.0147,68761.4,68788.1,616299594,4184571390.21981,75666.9,61909.2,67095,68832.7,68761.4,68761.5,86956012,1001.5,0.0001,UTC+8,"[0.0147, 0.0022, 0.0422, 0.0102, 0.1315, 1.0105]","[0.0247, 0.0113, 0.0147]"
1730117824091,BTC_USDT,68771.9,0.0149,68767.9,68800.0,616345962,4184890256.67942,75680.0,61920.0,67095,68832.7,68772.6,68772.7,86966548,1011.9,0.0001,UTC+8,"[0.0149, 0.0024, 0.0424, 0.0103, 0.1316, 1.0108]","[0.0249, 0.0114, 0.0149]"
1730117827097,BTC_USDT,68773.3,0.0149,68773.2,68800.0,616360504,4184990264.44641,75680.0,61920.0,67095,68832.7,68773.2,68773.3,86979168,1013.3,0.0001,UTC+8,"[0.0149, 0.0024, 0.0424, 0.0103, 0.1317, 1.0109]","[0.0249, 0.0114, 0.0149]"
1730117829095,BTC_USDT,68761.8,0.0147,68761.7,68792.4,616453563,4185630262.50281,75671.6,61913.1,67095,68832.7,68761.7,68761.8,86529104,1001.8,0.0001,UTC+8,"[0.0147, 0.0022, 0.0422, 0.0102, 0.1315, 1.0105]","[0.0247, 0.0113, 0.0147]"
1730117831097,BTC_USDT,68761.6,0.0147,68761.7,68792.4,616454157,4185634341.78621,75671.6,61913.1,67095,68832.7,68761.6,68761.7,86530362,1001.6,0.0001,UTC+8,"[0.0147, 0.0022, 0.0422, 0.0102, 0.1315, 1.0105]","[0.0247, 0.0113, 0.0147]"
1730117833098,BTC_USDT,68768.1,0.0148,68763.0,68794.8,616470825,4185748963.40221,75674.2,61915.3,67095,68832.7,68768.0,68768.1,86592556,1008.1,0.0001,UTC+8,"[0.0148, 0.0023, 0.0423, 0.0102, 0.1316, 1.0107]","[0.0248, 0.0114, 0.0148]"
1730117836082,BTC_USDT,68775.6,0.0149,68773.1,68800.2,616522980,4186107655.08711,75680.2,61920.1,67095,68832.7,68777.4,68777.5,86211970,1015.6,0.0001,UTC+8,"[0.0149, 0.0024, 0.0424, 0.0104, 0.1317, 1.0109]","[0.0249, 0.0115, 0.0149]"
1730117838084,BTC_USDT,68780.0,0.015,68777.4,68800.5,616524192,4186115990.92428,75680.5,61920.4,67095,68832.7,68782.9,68783.0,86599856,1020.0,0.0001,UTC+8,"[0.015, 0.0025, 0.0425, 0.0104, 0.1318, 1.0111]","[0.025, 0.0115, 0.015]"
1730117840089,BTC_USDT,68792.9,0.0152,68785.8,68815.3,616541441,4186234647.8633,75696.8,61933.7,67095,68832.7,68792.9,68793.0,86606474,1032.9,0.0001,UTC+8,"[0.0152, 0.0027, 0.0427, 0.0106, 0.132, 1.0114]","[0.0252, 0.0117, 0.0152]"
1730117842091,BTC_USDT,68799.6,0.0153,68799.6,68827.0,616610856,4186712207.25711,75709.7,61944.3,67095,68832.7,68799.6,68799.7,86261642,1039.6,0.0001,UTC+8,"[0.0153, 0.0028, 0.0428, 0.0107, 0.1321, 1.0116]","[0.0253, 0.0118, 0.0153]"
1730117844092,BTC_USDT,68802.9,0.0153,68800.5,68829.5,616748265,4187657577.1666,75712.4,61946.5,67095,68832.7,68802.9,68803.0,86235490,1042.9,0.0001,UTC+8,"[0.0153, 0.0028, 0.0428, 0.0108, 0.1321, 1.0117]","[0.0253, 0.0119, 0.0153]"
1730117847095,BTC_USDT,68809.9,0.0154,68813.4,68835.1,616779900,4187875252.78982,75718.6,61951.5,67095,68832.7,68814.9,68815.0,86734798,1049.9,0.0001,UTC+8,"[0.0154, 0.0029, 0.0429, 0.0109, 0.1323, 1.0119]","[0.0254, 0.012, 0.0154]"
1730117849096,BTC_USDT,68808.1,0.0154,68810.1,68838.0,616841769,4188300973.28523,75721.8,61954.2,67095,68832.7,68808.1,68808.2,86435784,1048.1,0.0001,UTC+8,"[0.0154, 0.0029, 0.0429, 0.0108, 0.1322, 1.0119]","[0.0254, 0.0119, 0.0154]"
1730117851098,BTC_USDT,68808.1,0.0154,68808.1,68838.0,616931031,4188915168.14823,75721.8,61954.2,67095,68832.7,68808.1,68808.2,86647428,1048.1,0.0001,UTC+8,"[0.0154, 0.0029, 0.0429, 0.0108, 0.1322, 1.0119]","[0.0254, 0.0119, 0.0154]"
1730117853097,BTC_USDT,68800.1,0.0153,68808.1,68833.7,616948449,4189035014.36365,75717.0,61950.3,67095,68832.7,68800.1,68800.2,86588650,1040.1,0.0001,UTC+8,"[0.0153, 0.0028, 0.0428, 0.0107, 0.1321, 1.0117]","[0.0253, 0.0118, 0.0153]"
1730117855098,BTC_USDT,68800.1,0.0153,68802.6,68833.8,617012991,4189479064.20684,75717.1,61950.4,67095,68832.7,68800.1,68800.2,87119426,1040.1,0.0001,UTC+8,"[0.0153, 0.0028, 0.0428, 0.0107, 0.1321, 1.0117]","[0.0253, 0.0118, 0.0153]"
1730117858083,BTC_USDT,68793.0,0.0152,68796.2,68826.9,617032103,4189610538.1408,75709.5,61944.2,67095,68832.7,68793.0,68793.1,86708168,1033.0,0.0001,UTC+8,"[0.0152, 0.0027, 0.0427, 0.0106, 0.132, 1.0114]","[0.0252, 0.0117, 0.0152]"
1730117860095,BTC_USDT,68793.1,0.0152,68793.1,68823.3,617051009,4189740598.32164,75705.6,61940.9,67095,68832.7,68784.3,68784.4,86314910,1033.1,0.0001,UTC+8,"[0.0152, 0.0027, 0.0427, 0.0106, 0.132, 1.0115]","[0.0252, 0.0117, 0.0152]"
1730117862093,BTC_USDT,68788.5,0.0151,68793.1,68820.3,617058381,4189791311.88271,75702.3,61938.2,67095,68832.7,68788.5,68788.6,86333024,1028.5,0.0001,UTC+8,"[0.0151, 0.0026, 0.0426, 0.0105, 0.1319, 1.0113]","[0.0251, 0.0117, 0.0151]"
1730117864091,BTC_USDT,68783.4,0.0151,68788.6,68815.7,617089713,4190006840.14546,75697.2,61934.1,67095,68832.7,68783.3,68783.4,86788782,1023.4,0.0001,UTC+8,"[0.0151, 0.0026, 0.0425, 0.0105, 0.1318, 1.0112]","[0.025, 0.0116, 0.0151]"
1730117867096,BTC_USDT,68782.4,0.015,68782.4,68810.1,617119974,4190214971.73648,75691.1,61929.0,67095,68832.7,68782.4,68782.5,86470172,1022.4,0.0001,UTC+8,"[0.015, 0.0025, 0.0425, 0.0105, 0.1318, 1.0111]","[0.025, 0.0116, 0.015]"
1730117869090,BTC_USDT,68771.1,0.0149,68781.1,68808.9,617129860,4190282968.15659,75689.7,61928.0,67095,68832.7,68771.1,68771.2,86414734,1011.1,0.0001,UTC+8,"[0.0149, 0.0024, 0.0423, 0.0103, 0.1316, 1.0108]","[0.0248, 0.0114, 0.0149]"
1730117871093,BTC_USDT,68752.5,0.0146,68752.6,68783.6,617237937,4191026082.90771,75661.9,61905.2,67095,68832.7,68752.5,68752.6,87131274,992.5,0.0001,UTC+8,"[0.0146, 0.0021, 0.0421, 0.01, 0.1313, 1.0103]","[0.0246, 0.0111, 0.0146]"
1730117873090,BTC_USDT,68752.9,0.0146,68752.5,68782.6,617281784,4191327543.71643,75660.8,61904.3,67095,68832.7,68756.1,68756.2,86761992,992.9,0.0001,UTC+8,"[0.0146, 0.0021, 0.0421, 0.01, 0.1313, 1.0103]","[0.0246, 0.0111, 0.0146]"
1730117876086,BTC_USDT,68756.5,0.0147,68756.5,68782.6,617288040,4191370555.93929,75660.8,61904.3,67095,68832.7,68756.5,68756.6,86464714,996.5,0.0001,UTC+8,"[0.0147, 0.0022, 0.0421, 0.0101, 0.1314, 1.0104]","[0.0246, 0.0112, 0.0147]"
1730117878092,BTC_USDT,68756.5,0.0147,68756.5,68782.8,617338770,4191719357.66575,75661.0,61904.5,67095,68832.7,68756.5,68756.6,86669470,996.5,0.0001,UTC+8,"[0.0147, 0.0022, 0.0421, 0.0101, 0.1314, 1.0104]","[0.0246, 0.0112, 0.0147]"
1730117880100,BTC_USDT,68756.6,0.0147,68756.5,68782.9,617450461,4192487310.38576,75661.1,61904.6,67095,68832.7,68756.6,68756.7,87351176,996.6,0.0001,UTC+8,"[0.0147, 0.0022, 0.0421, 0.0101, 0.1314, 1.0104]","[0.0246, 0.0112, 0.0147]"
1730117882090,BTC_USDT,68761.1,0.0147,68760.6,68789.5,617457013,4192532362.64681,75668.4,61910.5,67095,68832.7,68761.1,68761.2,86982926,1001.1,0.0001,UTC+8,"[0.0147, 0.0022, 0.0422, 0.0101, 0.1314, 1.0105]","[0.0247, 0.0113, 0.0147]"
1730117884098,BTC_USDT,68756.7,0.0147,68757.8,68788.5,617495457,4192796687.84707,75667.3,61909.6,67095,68832.7,68756.7,68756.8,87447248,996.7,0.0001,UTC+8,"[0.0147, 0.0022, 0.0421, 0.0101, 0.1314, 1.0104]","[0.0246, 0.0112, 0.0147]"
1730117887099,BTC_USDT,68747.1,0.0145,68752.5,68782.2,617655849,4193899386.71479,75660.4,61903.9,67095,68832.7,68747.1,68747.2,87396696,987.1,0.0001,UTC+8,"[0.0145, 0.002, 0.042, 0.0099, 0.1312, 1.0101]","[0.0245, 0.011, 0.0145]"
1730117889091,BTC_USDT,68746.1,0.0145,68746.1,68775.0,617658288,4193916153.91078,75652.5,61897.5,67095,68832.7,68746.1,68746.2,87473898,986.1,0.0001,UTC+8,"[0.0145, 0.002, 0.042, 0.0099, 0.1312, 1.0101]","[0.0245, 0.011, 0.0145]"
1730117891089,BTC_USDT,68745.5,0.0145,68745.6,68775.0,617664876,4193961443.48476,75652.5,61897.5,67095,68832.7,68745.5,68745.6,87875304,985.5,0.0001,UTC+8,"[0.0145, 0.002, 0.042, 0.0099, 0.1312, 1.0101]","[0.0245, 0.011, 0.0145]"
1730117893097,BTC_USDT,68745.6,0.0145,68745.5,68775.0,617669864,4193995730.3043,75652.5,61897.5,67095,68832.7,68745.5,68745.6,87429300,985.6,0.0001,UTC+8,"[0.0145, 0.002, 0.042, 0.0099, 0.1312, 1.0101]","[0.0245, 0.011, 0.0145]"
1730117895097,BTC_USDT,68745.5,0.0145,68745.5,68775.0,617676821,4194043556.55046,75652.5,61897.5,67095,68832.7,68745.5,68745.6,87442056,985.5,0.0001,UTC+8,"[0.0145, 0.002, 0.042, 0.0099, 0.1312, 1.0101]","[0.0245, 0.011, 0.0145]"
1730117898095,BTC_USDT,68745.6,0.0145,68745.5,68775.0,617855826,4195274139.26096,75652.5,61897.5,67095,68832.7,68745.5,68745.6,86858814,985.6,0.0001,UTC+8,"[0.0145, 0.002, 0.042, 0.0099, 0.1312, 1.0101]","[0.0245, 0.011, 0.0145]"
1730117900091,BTC_USDT,68745.5,0.0145,68745.5,68775.0,617856069,4195275809.77668,75652.5,61897.5,67095,68832.7,68745.5,68745.6,87316422,985.5,0.0001,UTC+8,"[0.0145, 0.002, 0.042, 0.0099, 0.1312, 1.0101]","[0.0245, 0.011, 0.0145]"
1730117902096,BTC_USDT,68736.3,0.0144,68745.5,68764.7,617870634,4195375920.845,75641.1,61888.2,67095,68832.7,68736.3,68736.4,87325920,976.3,0.0001,UTC+8,"[0.0144, 0.0019, 0.0418, 0.0098, 0.131, 1.0098]","[0.0243, 0.0109, 0.0144]"
1730117904092,BTC_USDT,68730.1,0.0143,68733.7,68764.4,617876109,4195413556.04399,75640.8,61887.9,67095,68832.7,68730.0,68730.1,86873690,970.1,0.0001,UTC+8,"[0.0143, 0.0018, 0.0417, 0.0097, 0.1309, 1.0096]","[0.0242, 0.0108, 0.0143]"
1730117907095,BTC_USDT,68728.7,0.0142,68729.4,68758.7,617893343,4195532001.28083,75634.5,61882.8,67095,68832.7,68728.7,68728.8,86912670,968.7,0.0001,UTC+8,"[0.0142, 0.0018, 0.0417, 0.0097, 0.1309, 1.0096]","[0.0242, 0.0108, 0.0142]"
1730117909092,BTC_USDT,68712.8,0.014,68712.8,68743.1,617901742,4195589720.7987,75617.4,61868.7,67095,68832.7,68712.8,68712.9,86926294,952.8,0.0001,UTC+8,"[0.014, 0.0015, 0.0415, 0.0094, 0.1307, 1.0091]","[0.024, 0.0105, 0.014]"
1730117911097,BTC_USDT,68712.7,0.014,68712.7,68743.0,617908070,4195633200.49805,75617.3,61868.7,67095,68832.7,68712.7,68712.8,87397334,952.7,0.0001,UTC+8,"[0.014, 0.0015, 0.0415, 0.0094, 0.1307, 1.0091]","[0.024, 0.0105, 0.014]"
1730117913089,BTC_USDT,68729.3,0.0143,68724.3,68755.0,617971593,4196069782.29939,75630.5,61879.5,67095,68832.7,68729.3,68729.4,87420692,969.3,0.0001,UTC+8,"[0.0143, 0.0018, 0.0417, 0.0097, 0.1309, 1.0096]","[0.0242, 0.0108, 0.0143]"
1730117916100,BTC_USDT,68730.0,0.0143,68729.9,68758.7,617981113,4196135211.46226,75634.5,61882.8,67095,68832.7,68729.9,68730.0,87428896,970.0,0.0001,UTC+8,"[0.0143, 0.0018, 0.0417, 0.0097, 0.1309, 1.0096]","[0.0242, 0.0108, 0.0143]"
1730117918089,BTC_USDT,68730.0,0.0143,68729.9,68758.8,617983683,4196152871.62715,75634.6,61882.9,67095,68832.7,68729.9,68730.0,86913620,970.0,0.0001,UTC+8,"[0.0143, 0.0018, 0.0417, 0.0097, 0.1309, 1.0096]","[0.0242, 0.0108, 0.0143]"
1730117920097,BTC_USDT,68736.3,0.0144,68729.9,68758.9,617984294,4196157072.92992,75634.7,61883.0,67095,68832.7,68737.8,68737.9,86989488,976.3,0.0001,UTC+8,"[0.0144, 0.0019, 0.0418, 0.0098, 0.131, 1.0098]","[0.0243, 0.0109, 0.0144]"
1730117922096,BTC_USDT,68745.8,0.0145,68745.6,68773.2,617987270,4196177531.45321,75650.5,61895.8,67095,68832.7,68745.7,68745.8,86990858,985.8,0.0001,UTC+8,"[0.0145, 0.002, 0.042, 0.0099, 0.1312, 1.0101]","[0.0245, 0.011, 0.0145]"
1730117925094,BTC_USDT,68733.6,0.0143,68743.2,68772.8,618043427,4196563573.21986,75650.0,61895.5,67095,68832.7,68732.9,68733.0,87380082,973.6,0.0001,UTC+8,"[0.0143, 0.0018, 0.0418, 0.0097, 0.131, 1.0097]","[0.0243, 0.0108, 0.0143]"
1730117927106,BTC_USDT,68730.0,0.0143,68731.3,68761.9,618043862,4196566562.97476,75638.0,61885.7,67095,68832.7,68729.9,68730.0,87381242,970.0,0.0001,UTC+8,"[0.0143, 0.0018, 0.0417, 0.0097, 0.1309, 1.0096]","[0.0242, 0.0108, 0.0143]"
1730117929094,BTC_USDT,68738.6,0.0144,68737.5,68762.3,618045759,4196579600.63518,75638.5,61886.0,67095,68832.7,68738.6,68738.7,86929018,978.6,0.0001,UTC+8,"[0.0144, 0.0019, 0.0419, 0.0098, 0.1311, 1.0099]","[0.0244, 0.0109, 0.0144]"
1730117931099,BTC_USDT,68738.7,0.0144,68738.6,68762.4,618045882,4196580446.12001,75638.6,61886.1,67095,68832.7,68738.6,68738.7,87001644,978.7,0.0001,UTC+8,"[0.0144, 0.0019, 0.0419, 0.0098, 0.1311, 1.0099]","[0.0244, 0.0109, 0.0144]"
1730117933101,BTC_USDT,68738.7,0.0144,68738.7,68766.2,618090570,4196887630.7736,75642.8,61889.5,67095,68832.7,68738.6,68738.7,87496672,978.7,0.0001,UTC+8,"[0.0144, 0.0019, 0.0419, 0.0098, 0.1311, 1.0099]","[0.0244, 0.0109, 0.0144]"
1730117936088,BTC_USDT,68738.7,0.0144,68741.9,68767.7,618099838,4196951337.63611,75644.4,61890.9,67095,68832.7,68738.7,68738.8,87514084,978.7,0.0001,UTC+8,"[0.0144, 0.0019, 0.0419, 0.0098, 0.1311, 1.0099]","[0.0244, 0.0109, 0.0144]"
1730117938086,BTC_USDT,68738.8,0.0144,68738.8,68767.6,618133110,4197180041.62085,75644.3,61890.8,67095,68832.7,68738.7,68738.8,87143910,978.8,0.0001,UTC+8,"[0.0144, 0.0019, 0.0419, 0.0098, 0.1311, 1.0099]","[0.0244, 0.0109, 0.0144]"
1730117940089,BTC_USDT,68738.6,0.0144,68738.7,68767.5,618133227,4197180851.01906,75644.2,61890.7,67095,68832.7,68738.6,68738.7,87321812,978.6,0.0001,UTC+8,"[0.0144, 0.0019, 0.0419, 0.0098, 0.1311, 1.0099]","[0.0244, 0.0109, 0.0144]"
1730117942093,BTC_USDT,68745.4,0.0145,68741.0,68771.5,618136632,4197204257.49901,75648.6,61894.3,67095,68832.7,68745.3,68745.4,86873882,985.4,0.0001,UTC+8,"[0.0145, 0.002, 0.042, 0.0099, 0.1312, 1.0101]","[0.0245, 0.011, 0.0145]"
1730117945102,BTC_USDT,68747.0,0.0145,68745.6,68773.1,618140706,4197232264.85356,75650.4,61895.7,67095,68832.7,68749.7,68749.8,87341410,987.0,0.0001,UTC+8,"[0.0145, 0.002, 0.042, 0.0099, 0.1312, 1.0101]","[0.0245, 0.011, 0.0145]"
1730117947101,BTC_USDT,68750.8,0.0146,68749.7,68774.9,618179133,4197496453.54328,75652.3,61897.4,67095,68832.7,68747.3,68747.4,86959200,990.8,0.0001,UTC+8,"[0.0146, 0.0021, 0.042, 0.01, 0.1313, 1.0102]","[0.0245, 0.0111, 0.0146]"
1730117949099,BTC_USDT,68752.1,0.0146,68744.8,68775.1,618182330,4197518429.56231,75652.6,61897.5,67095,68832.7,68752.0,68752.1,87348246,992.1,0.0001,UTC+8,"[0.0146, 0.0021, 0.0421, 0.01, 0.1313, 1.0103]","[0.0246, 0.0111, 0.0146]"
1730117951097,BTC_USDT,68753.5,0.0146,68753.5,68775.4,618184243,4197531583.78734,75652.9,61897.8,67095,68832.7,68753.4,68753.5,87352606,993.5,0.0001,UTC+8,"[0.0146, 0.0021, 0.0421, 0.01, 0.1313, 1.0103]","[0.0246, 0.0111, 0.0146]"
1730117954085,BTC_USDT,68753.5,0.0146,68753.4,68778.0,618211462,4197718723.93423,75655.8,61900.2,67095,68832.7,68753.4,68753.5,86964840,993.5,0.0001,UTC+8,"[0.0146, 0.0021, 0.0421, 0.01, 0.1313, 1.0103]","[0.0246, 0.0111, 0.0146]"
