timestamp    , symbol  , lastPrice, riseFallRate, fairPrice, indexPrice, volume24 , amount24        , maxBidPrice, minAskPrice, lower24Price, high24Price, bid1   , ask1   , holdVol , riseFallValue, fundingRate, zone , riseFallRates                                       , riseFallRatesOfTimezone
1728824406105, BTC_USDT,   62637.7, -0.0077     ,   62637.7,    62664.1, 286957094, 1807776921.53063,     68930.5,     56397.6,      62490.2,     63460.3, 62637.6, 62637.7, 71137985, -487.2       , 2.8e-05    , UTC+8, "[-0.0077, 0.0081, 0.0898, 0.043, -0.0295, 1.3465]" , "[-0.006, -0.0085, -0.0077]"
1728824408099, BTC_USDT,   62637.5, -0.0077     ,   62637.6,    62664.1, 286957464, 1807779238.55455,     68930.5,     56397.6,      62490.2,     63460.3, 62631.8, 62631.9, 71137985, -487.4       , 2.8e-05    , UTC+8, "[-0.0077, 0.0081, 0.0898, 0.043, -0.0295, 1.3465]" , "[-0.006, -0.0085, -0.0077]"
1728824410105, BTC_USDT,   62631.9, -0.0078     ,   62631.9,    62663.8, 286958377, 1807784957.22054,     68930.1,     56397.4,      62490.2,     63460.3, 62631.8, 62631.9, 71136755, -493.0       , 2.8e-05    , UTC+8, "[-0.0078, 0.008, 0.0897, 0.0429, -0.0296, 1.3463]" , "[-0.006, -0.0086, -0.0078]"
1728824412110, BTC_USDT,   62627.0, -0.0078     ,   62631.8,    62662.4, 286963537, 1807817271.65957,     68928.6,     56396.1,      62490.2,     63460.3, 62627.0, 62627.1, 71148369, -497.9       , 2.8e-05    , UTC+8, "[-0.0078, 0.0079, 0.0896, 0.0428, -0.0297, 1.3461]", "[-0.0061, -0.0086, -0.0078]"
1728824415100, BTC_USDT,   62627.1, -0.0078     ,   62629.7,    62661.6, 286963564, 1807817445.07387,     68927.7,     56395.4,      62490.2,     63460.3, 62627.0, 62627.1, 71148369, -497.8       , 2.8e-05    , UTC+8, "[-0.0078, 0.0079, 0.0896, 0.0428, -0.0297, 1.3461]", "[-0.0061, -0.0086, -0.0078]"
1728824417111, BTC_USDT,   62627.0, -0.0078     ,   62629.7,    62661.6, 286964910, 1807825871.22915,     68927.7,     56395.4,      62490.2,     63460.3, 62626.5, 62626.6, 71148452, -497.9       , 2.8e-05    , UTC+8, "[-0.0078, 0.0079, 0.0896, 0.0428, -0.0297, 1.3461]", "[-0.0061, -0.0086, -0.0078]"
1728824419102, BTC_USDT,   62626.6, -0.0078     ,   62628.0,    62659.9, 286966093, 1807833279.07904,     68925.8,     56393.9,      62490.2,     63460.3, 62626.5, 62626.6, 71148459, -498.3       , 2.8e-05    , UTC+8, "[-0.0078, 0.0079, 0.0896, 0.0428, -0.0297, 1.3461]", "[-0.0061, -0.0086, -0.0078]"
1728824421100, BTC_USDT,   62626.5, -0.0078     ,   62628.0,    62659.9, 286966749, 1807837392.08095,     68925.8,     56393.9,      62490.2,     63460.3, 62626.5, 62626.6, 71148459, -498.4       , 2.8e-05    , UTC+8, "[-0.0078, 0.0079, 0.0896, 0.0428, -0.0297, 1.3461]", "[-0.0061, -0.0086, -0.0078]"
1728824424107, BTC_USDT,   62626.5, -0.0078     ,   62628.0,    62659.9, 286967212, 1807840291.19102,     68925.8,     56393.9,      62490.2,     63460.3, 62626.5, 62626.6, 71148644, -498.4       , 2.8e-05    , UTC+8, "[-0.0078, 0.0079, 0.0896, 0.0428, -0.0297, 1.3461]", "[-0.0061, -0.0086, -0.0078]"
1728824426100, BTC_USDT,   62626.6, -0.0078     ,   62628.0,    62659.9, 286967787, 1807843888.39456,     68925.8,     56393.9,      62490.2,     63460.3, 62626.5, 62626.6, 71149924, -498.3       , 2.8e-05    , UTC+8, "[-0.0078, 0.0079, 0.0896, 0.0428, -0.0297, 1.3461]", "[-0.0061, -0.0086, -0.0078]"
1728824428088, BTC_USDT,   62626.5, -0.0078     ,   62627.9,    62659.8, 286968200, 1807846476.25062,     68925.7,     56393.8,      62490.2,     63460.3, 62626.5, 62626.6, 71151200, -498.4       , 2.8e-05    , UTC+8, "[-0.0078, 0.0079, 0.0896, 0.0428, -0.0297, 1.3461]", "[-0.0061, -0.0086, -0.0078]"
1728824430112, BTC_USDT,   62624.6, -0.0079     ,   62627.9,    62659.7, 286968612, 1807849055.13466,     68925.6,     56393.7,      62490.2,     63460.3, 62624.0, 62624.1, 71152128, -500.3       , 2.8e-05    , UTC+8, "[-0.0079, 0.0079, 0.0896, 0.0428, -0.0297, 1.346]" , "[-0.0062, -0.0087, -0.0079]"
1728824432102, BTC_USDT,   62624.0, -0.0079     ,   62627.8,    62659.7, 286970557, 1807861238.07752,     68925.6,     56393.7,      62490.2,     63460.3, 62624.0, 62624.1, 71152128, -500.9       , 2.8e-05    , UTC+8, "[-0.0079, 0.0079, 0.0896, 0.0428, -0.0297, 1.346]" , "[-0.0062, -0.0087, -0.0079]"
1728824435113, BTC_USDT,   62624.1, -0.0079     ,   62627.8,    62659.7, 286972768, 1807875083.86826,     68925.6,     56393.7,      62490.2,     63460.3, 62624.0, 62624.1, 71155603, -500.8       , 2.8e-05    , UTC+8, "[-0.0079, 0.0079, 0.0896, 0.0428, -0.0297, 1.346]" , "[-0.0062, -0.0087, -0.0079]"
1728824437107, BTC_USDT,   62624.1, -0.0079     ,   62627.8,    62659.7, 286974161, 1807883807.51822,     68925.6,     56393.7,      62490.2,     63460.3, 62624.0, 62624.1, 71125284, -500.8       , 2.8e-05    , UTC+8, "[-0.0079, 0.0079, 0.0896, 0.0428, -0.0297, 1.346]" , "[-0.0062, -0.0087, -0.0079]"
1728824439110, BTC_USDT,   62624.0, -0.0079     ,   62627.9,    62659.8, 286975873, 1807894527.57268,     68925.7,     56393.8,      62490.2,     63460.3, 62624.0, 62624.1, 71126726, -500.9       , 2.8e-05    , UTC+8, "[-0.0079, 0.0079, 0.0896, 0.0428, -0.0297, 1.346]" , "[-0.0062, -0.0087, -0.0079]"
1728824441101, BTC_USDT,   62624.0, -0.0079     ,   62627.9,    62659.8, 286982100, 1807933521.65878,     68925.7,     56393.8,      62490.2,     63460.3, 62624.0, 62624.1, 71129280, -500.9       , 2.8e-05    , UTC+8, "[-0.0079, 0.0079, 0.0896, 0.0428, -0.0297, 1.346]" , "[-0.0062, -0.0087, -0.0079]"
1728824443093, BTC_USDT,   62624.0, -0.0079     ,   62627.9,    62659.8, 286982190, 1807934086.33941,     68925.7,     56393.8,      62490.2,     63460.3, 62624.0, 62624.1, 71129286, -500.9       , 2.8e-05    , UTC+8, "[-0.0079, 0.0079, 0.0896, 0.0428, -0.0297, 1.346]" , "[-0.0062, -0.0087, -0.0079]"
1728824446112, BTC_USDT,   62624.1, -0.0079     ,   62627.9,    62659.8, 286982223, 1807934295.31586,     68925.7,     56393.8,      62490.2,     63460.3, 62624.0, 62624.1, 71129302, -500.8       , 2.8e-05    , UTC+8, "[-0.0079, 0.0079, 0.0896, 0.0428, -0.0297, 1.346]" , "[-0.0062, -0.0087, -0.0079]"
1728824448106, BTC_USDT,   62624.0, -0.0079     ,   62627.7,    62659.7, 286990811, 1807988077.87708,     68925.6,     56393.7,      62490.2,     63460.3, 62624.0, 62624.1, 71130028, -500.9       , 2.8e-05    , UTC+8, "[-0.0079, 0.0079, 0.0896, 0.0428, -0.0297, 1.346]" , "[-0.0062, -0.0087, -0.0079]"
1728824450104, BTC_USDT,   62624.1, -0.0079     ,   62627.7,    62659.7, 286992691, 1807999851.69065,     68925.6,     56393.7,      62490.2,     63460.3, 62624.0, 62624.1, 71131064, -500.8       , 2.8e-05    , UTC+8, "[-0.0079, 0.0079, 0.0896, 0.0428, -0.0297, 1.346]" , "[-0.0062, -0.0087, -0.0079]"
1728824452098, BTC_USDT,   62624.0, -0.0079     ,   62627.7,    62659.7, 286992711, 1807999976.1873 ,     68925.6,     56393.7,      62490.2,     63460.3, 62624.0, 62624.1, 71131100, -500.9       , 2.8e-05    , UTC+8, "[-0.0079, 0.0079, 0.0896, 0.0428, -0.0297, 1.346]" , "[-0.0062, -0.0087, -0.0079]"
1728824454106, BTC_USDT,   62624.0, -0.0079     ,   62627.7,    62659.7, 286999450, 1808042176.05882,     68925.6,     56393.7,      62490.2,     63460.3, 62624.0, 62624.1, 71135299, -500.9       , 2.8e-05    , UTC+8, "[-0.0079, 0.0079, 0.0896, 0.0428, -0.0297, 1.346]" , "[-0.0062, -0.0087, -0.0079]"
1728824457102, BTC_USDT,   62624.1, -0.0079     ,   62627.7,    62659.7, 287002587, 1808061824.28349,     68925.6,     56393.7,      62490.2,     63460.3, 62624.0, 62624.1, 71094627, -500.8       , 2.8e-05    , UTC+8, "[-0.0079, 0.0079, 0.0896, 0.0428, -0.0297, 1.346]" , "[-0.0062, -0.0087, -0.0079]"
1728824459103, BTC_USDT,   62624.0, -0.0079     ,   62627.8,    62659.8, 287011736, 1808119119.35743,     68925.7,     56393.8,      62490.2,     63460.3, 62624.0, 62624.1, 71102555, -500.9       , 2.8e-05    , UTC+8, "[-0.0079, 0.0079, 0.0896, 0.0428, -0.0297, 1.346]" , "[-0.0062, -0.0087, -0.0079]"
1728824461099, BTC_USDT,   62624.1, -0.0079     ,   62627.8,    62659.8, 287011779, 1808119386.13595,     68925.7,     56393.8,      62490.2,     63460.3, 62624.0, 62624.1, 71104344, -500.8       , 2.8e-05    , UTC+8, "[-0.0079, 0.0079, 0.0896, 0.0428, -0.0297, 1.346]" , "[-0.0062, -0.0087, -0.0079]"
1728824463095, BTC_USDT,   62624.0, -0.0079     ,   62627.8,    62659.8, 287013092, 1808127607.36115,     68925.7,     56393.8,      62490.2,     63460.3, 62624.0, 62624.1, 71107288, -500.9       , 2.8e-05    , UTC+8, "[-0.0079, 0.0079, 0.0896, 0.0428, -0.0297, 1.346]" , "[-0.0062, -0.0087, -0.0079]"
1728824466108, BTC_USDT,   62624.0, -0.0079     ,   62627.8,    62659.9, 287014789, 1808138238.47649,     68925.8,     56393.9,      62490.2,     63460.3, 62624.0, 62624.1, 71108102, -500.9       , 2.8e-05    , UTC+8, "[-0.0079, 0.0079, 0.0896, 0.0428, -0.0297, 1.346]" , "[-0.0062, -0.0087, -0.0079]"
1728824468097, BTC_USDT,   62624.1, -0.0079     ,   62627.8,    62659.9, 287015083, 1808140074.80009,     68925.8,     56393.9,      62490.2,     63460.3, 62624.0, 62624.1, 71108102, -500.8       , 2.8e-05    , UTC+8, "[-0.0079, 0.0079, 0.0896, 0.0428, -0.0297, 1.346]" , "[-0.0062, -0.0087, -0.0079]"
1728824470108, BTC_USDT,   62624.1, -0.0079     ,   62627.8,    62659.9, 287021407, 1808179682.47614,     68925.8,     56393.9,      62490.2,     63460.3, 62624.0, 62624.1, 71120777, -500.8       , 2.8e-05    , UTC+8, "[-0.0079, 0.0079, 0.0896, 0.0428, -0.0297, 1.346]" , "[-0.0062, -0.0087, -0.0079]"
1728824472100, BTC_USDT,   62624.1, -0.0079     ,   62627.8,    62659.9, 287024387, 1808198339.19751,     68925.8,     56393.9,      62490.2,     63460.3, 62624.0, 62624.1, 71129000, -500.8       , 2.8e-05    , UTC+8, "[-0.0079, 0.0079, 0.0896, 0.0428, -0.0297, 1.346]" , "[-0.0062, -0.0087, -0.0079]"
1728824474107, BTC_USDT,   62624.1, -0.0079     ,   62627.8,    62659.9, 287024390, 1808198361.42905,     68925.8,     56393.9,      62490.2,     63460.3, 62624.0, 62624.1, 71127259, -500.8       , 2.8e-05    , UTC+8, "[-0.0079, 0.0079, 0.0896, 0.0428, -0.0297, 1.346]" , "[-0.0062, -0.0087, -0.0079]"
1728824477113, BTC_USDT,   62624.0, -0.0079     ,   62627.5,    62659.7, 287024453, 1808198752.70388,     68925.6,     56393.7,      62490.2,     63460.3, 62624.0, 62624.1, 71082356, -500.9       , 2.8e-05    , UTC+8, "[-0.0079, 0.0079, 0.0896, 0.0428, -0.0297, 1.346]" , "[-0.0062, -0.0087, -0.0079]"
1728824479106, BTC_USDT,   62624.1, -0.0079     ,   62627.4,    62659.6, 287024474, 1808198886.09304,     68925.5,     56393.6,      62490.2,     63460.3, 62624.0, 62624.1, 71082356, -500.8       , 2.8e-05    , UTC+8, "[-0.0079, 0.0079, 0.0896, 0.0428, -0.0297, 1.346]" , "[-0.0062, -0.0087, -0.0079]"
1728824481102, BTC_USDT,   62618.6, -0.008      ,   62623.3,    62655.6, 287034780, 1808263423.01306,     68921.1,     56390.0,      62490.2,     63460.3, 62618.1, 62618.2, 71082736, -506.3       , 2.8e-05    , UTC+8, "[-0.008, 0.0078, 0.0895, 0.0427, -0.0298, 1.3458]" , "[-0.0063, -0.0088, -0.008]"
1728824483096, BTC_USDT,   62618.2, -0.008      ,   62623.3,    62655.6, 287037832, 1808282535.87315,     68921.1,     56390.0,      62490.2,     63460.3, 62618.1, 62618.2, 71091254, -506.7       , 2.8e-05    , UTC+8, "[-0.008, 0.0078, 0.0895, 0.0427, -0.0298, 1.3458]" , "[-0.0063, -0.0088, -0.008]"
1728824486094, BTC_USDT,   62614.0, -0.008      ,   62620.9,    62653.3, 287039641, 1808293859.37845,     68918.6,     56387.9,      62490.2,     63460.3, 62613.8, 62613.9, 71093388, -510.9       , 2.8e-05    , UTC+8, "[-0.008, 0.0077, 0.0894, 0.0426, -0.0299, 1.3456]" , "[-0.0063, -0.0088, -0.008]"
1728824488090, BTC_USDT,   62613.9, -0.008      ,   62617.4,    62649.8, 287046299, 1808335545.58064,     68914.7,     56384.8,      62490.2,     63460.3, 62613.8, 62613.9, 71093396, -511.0       , 2.8e-05    , UTC+8, "[-0.008, 0.0077, 0.0894, 0.0426, -0.0299, 1.3456]" , "[-0.0063, -0.0088, -0.008]"
1728824490111, BTC_USDT,   62613.8, -0.008      ,   62617.2,    62649.7, 287046389, 1808336114.61491,     68914.6,     56384.7,      62490.2,     63460.3, 62612.4, 62612.5, 71095329, -511.1       , 2.8e-05    , UTC+8, "[-0.008, 0.0077, 0.0894, 0.0426, -0.0299, 1.3456]" , "[-0.0063, -0.0088, -0.008]"
1728824492103, BTC_USDT,   62611.6, -0.0081     ,   62617.2,    62649.7, 287142516, 1808937983.73396,     68914.6,     56384.7,      62490.2,     63460.3, 62611.5, 62611.6, 71309433, -513.3       , 2.8e-05    , UTC+8, "[-0.0081, 0.0077, 0.0894, 0.0426, -0.0299, 1.3456]", "[-0.0064, -0.0089, -0.0081]"
1728824494104, BTC_USDT,   62611.6, -0.0081     ,   62617.2,    62649.8, 287145538, 1808956907.87704,     68914.7,     56384.8,      62490.2,     63460.3, 62611.5, 62611.6, 71048497, -513.3       , 2.8e-05    , UTC+8, "[-0.0081, 0.0077, 0.0894, 0.0426, -0.0299, 1.3456]", "[-0.0064, -0.0089, -0.0081]"
1728824497109, BTC_USDT,   62611.5, -0.0081     ,   62617.2,    62649.8, 287145816, 1808958650.48306,     68914.7,     56384.8,      62490.2,     63460.3, 62611.5, 62611.6, 71048497, -513.4       , 2.8e-05    , UTC+8, "[-0.0081, 0.0077, 0.0894, 0.0425, -0.0299, 1.3456]", "[-0.0064, -0.0089, -0.0081]"
1728824499132, BTC_USDT,   62610.0, -0.0081     ,   62613.0,    62645.7, 287149394, 1808981050.42654,     68910.2,     56381.1,      62490.2,     63460.3, 62610.0, 62610.1, 71056640, -514.9       , 2.8e-05    , UTC+8, "[-0.0081, 0.0077, 0.0893, 0.0425, -0.0299, 1.3455]", "[-0.0064, -0.0089, -0.0081]"
1728824501106, BTC_USDT,   62605.1, -0.0082     ,   62607.1,    62639.8, 287150222, 1808986233.44432,     68903.7,     56375.8,      62490.2,     63460.3, 62604.9, 62605.0, 71059814, -519.8       , 2.8e-05    , UTC+8, "[-0.0082, 0.0076, 0.0893, 0.0424, -0.03, 1.3453]"  , "[-0.0065, -0.009, -0.0082]"
1728824503089, BTC_USDT,   62604.9, -0.0082     ,   62606.9,    62639.7, 287150578, 1808988460.36566,     68903.6,     56375.7,      62490.2,     63460.3, 62604.9, 62605.0, 71061785, -520.0       , 2.8e-05    , UTC+8, "[-0.0082, 0.0076, 0.0893, 0.0424, -0.03, 1.3453]"  , "[-0.0065, -0.009, -0.0082]"
1728824505106, BTC_USDT,   62604.9, -0.0082     ,   62607.0,    62639.8, 287152884, 1809002897.55651,     68903.7,     56375.8,      62490.2,     63460.3, 62604.9, 62605.0, 71063782, -520.0       , 2.8e-05    , UTC+8, "[-0.0082, 0.0076, 0.0893, 0.0424, -0.03, 1.3453]"  , "[-0.0065, -0.009, -0.0082]"
1728824508105, BTC_USDT,   62604.9, -0.0082     ,   62607.0,    62639.8, 287165073, 1809079208.42633,     68903.7,     56375.8,      62490.2,     63460.3, 62604.9, 62605.0, 71088702, -520.0       , 2.8e-05    , UTC+8, "[-0.0082, 0.0076, 0.0893, 0.0424, -0.03, 1.3453]"  , "[-0.0065, -0.009, -0.0082]"
1728824510101, BTC_USDT,   62604.9, -0.0082     ,   62606.9,    62639.8, 287165142, 1809079639.5863 ,     68903.7,     56375.8,      62490.2,     63460.3, 62604.9, 62605.0, 71090569, -520.0       , 2.8e-05    , UTC+8, "[-0.0082, 0.0076, 0.0893, 0.0424, -0.03, 1.3453]"  , "[-0.0065, -0.009, -0.0082]"
1728824512104, BTC_USDT,   62605.0, -0.0082     ,   62606.9,    62639.8, 287167429, 1809093961.20853,     68903.7,     56375.8,      62490.2,     63460.3, 62604.9, 62605.0, 71093963, -519.9       , 2.8e-05    , UTC+8, "[-0.0082, 0.0076, 0.0893, 0.0424, -0.03, 1.3453]"  , "[-0.0065, -0.009, -0.0082]"
1728824514111, BTC_USDT,   62605.0, -0.0082     ,   62606.9,    62639.8, 287168208, 1809098832.873  ,     68903.7,     56375.8,      62490.2,     63460.3, 62604.9, 62605.0, 71043246, -519.9       , 2.8e-05    , UTC+8, "[-0.0082, 0.0076, 0.0893, 0.0424, -0.03, 1.3453]"  , "[-0.0065, -0.009, -0.0082]"
1728824516103, BTC_USDT,   62605.0, -0.0082     ,   62606.8,    62639.8, 287168485, 1809100570.84814,     68903.7,     56375.8,      62490.2,     63460.3, 62604.9, 62605.0, 71045912, -519.9       , 2.8e-05    , UTC+8, "[-0.0082, 0.0076, 0.0893, 0.0424, -0.03, 1.3453]"  , "[-0.0065, -0.009, -0.0082]"
1728824519107, BTC_USDT,   62605.0, -0.0082     ,   62606.8,    62639.8, 287169970, 1809109865.24435,     68903.7,     56375.8,      62490.2,     63460.3, 62604.9, 62605.0, 71047323, -519.9       , 2.8e-05    , UTC+8, "[-0.0082, 0.0076, 0.0893, 0.0424, -0.03, 1.3453]"  , "[-0.0065, -0.009, -0.0082]"
1728824521103, BTC_USDT,   62604.9, -0.0082     ,   62606.8,    62639.8, 287170277, 1809111789.9068 ,     68903.7,     56375.8,      62490.2,     63460.3, 62604.9, 62605.0, 71048004, -520.0       , 2.8e-05    , UTC+8, "[-0.0082, 0.0076, 0.0893, 0.0424, -0.03, 1.3453]"  , "[-0.0065, -0.009, -0.0082]"
1728824523093, BTC_USDT,   62604.9, -0.0082     ,   62606.8,    62639.8, 287171258, 1809117928.37989,     68903.7,     56375.8,      62490.2,     63460.3, 62604.9, 62605.0, 71047155, -520.0       , 2.8e-05    , UTC+8, "[-0.0082, 0.0076, 0.0893, 0.0424, -0.03, 1.3453]"  , "[-0.0065, -0.009, -0.0082]"
1728824525106, BTC_USDT,   62605.0, -0.0082     ,   62606.8,    62639.8, 287172994, 1809128800.73392,     68903.7,     56375.8,      62490.2,     63460.3, 62604.9, 62605.0, 71047747, -519.9       , 2.8e-05    , UTC+8, "[-0.0082, 0.0076, 0.0893, 0.0424, -0.03, 1.3453]"  , "[-0.0065, -0.009, -0.0082]"
1728824528097, BTC_USDT,   62613.6, -0.008      ,   62613.6,    62640.2, 287178716, 1809164621.48214,     68904.2,     56376.1,      62490.2,     63460.3, 62613.5, 62613.6, 71060228, -511.3       , 2.8e-05    , UTC+8, "[-0.008, 0.0077, 0.0894, 0.0426, -0.0299, 1.3456]" , "[-0.0063, -0.0089, -0.008]"
1728824530127, BTC_USDT,   62618.1, -0.008      ,   62618.1,    62644.2, 287180295, 1809174513.02534,     68908.6,     56379.7,      62490.2,     63460.3, 62618.0, 62618.1, 71065998, -506.8       , 2.8e-05    , UTC+8, "[-0.008, 0.0078, 0.0895, 0.0427, -0.0298, 1.3458]" , "[-0.0063, -0.0088, -0.008]"
1728824532108, BTC_USDT,   62618.0, -0.008      ,   62618.1,    62647.8, 287205015, 1809329300.96081,     68912.5,     56383.0,      62490.2,     63460.3, 62618.0, 62618.1, 71095902, -506.9       , 2.8e-05    , UTC+8, "[-0.008, 0.0078, 0.0895, 0.0427, -0.0298, 1.3458]" , "[-0.0063, -0.0088, -0.008]"
1728824534106, BTC_USDT,   62618.1, -0.008      ,   62618.1,    62647.8, 287211637, 1809370767.67563,     68912.5,     56383.0,      62490.2,     63460.3, 62618.0, 62618.1, 71110825, -506.8       , 2.8e-05    , UTC+8, "[-0.008, 0.0078, 0.0895, 0.0427, -0.0298, 1.3458]" , "[-0.0063, -0.0088, -0.008]"
1728824536103, BTC_USDT,   62618.0, -0.008      ,   62618.1,    62647.6, 287211650, 1809370847.70145,     68912.3,     56382.8,      62490.2,     63460.3, 62618.0, 62618.1, 71111118, -506.9       , 2.8e-05    , UTC+8, "[-0.008, 0.0078, 0.0895, 0.0427, -0.0298, 1.3458]" , "[-0.0063, -0.0088, -0.008]"
1728824539100, BTC_USDT,   62618.1, -0.008      ,   62618.1,    62647.6, 287211963, 1809372808.33656,     68912.3,     56382.8,      62490.2,     63460.3, 62618.0, 62618.1, 71113220, -506.8       , 2.8e-05    , UTC+8, "[-0.008, 0.0078, 0.0895, 0.0427, -0.0298, 1.3458]" , "[-0.0063, -0.0088, -0.008]"
1728824541106, BTC_USDT,   62618.0, -0.008      ,   62618.1,    62647.6, 287211974, 1809372879.47065,     68912.3,     56382.8,      62490.2,     63460.3, 62618.0, 62618.1, 71111480, -506.9       , 2.8e-05    , UTC+8, "[-0.008, 0.0078, 0.0895, 0.0427, -0.0298, 1.3458]" , "[-0.0063, -0.0088, -0.008]"
1728824543098, BTC_USDT,   62618.0, -0.008      ,   62618.1,    62647.9, 287213029, 1809379481.60998,     68912.6,     56383.1,      62490.2,     63460.3, 62618.0, 62618.1, 71111582, -506.9       , 2.8e-05    , UTC+8, "[-0.008, 0.0078, 0.0895, 0.0427, -0.0298, 1.3458]" , "[-0.0063, -0.0088, -0.008]"
1728824545104, BTC_USDT,   62624.0, -0.0079     ,   62621.1,    62654.0, 287213089, 1809379859.51262,     68919.4,     56388.6,      62490.2,     63460.3, 62624.0, 62624.1, 71111582, -500.9       , 2.8e-05    , UTC+8, "[-0.0079, 0.0079, 0.0896, 0.0428, -0.0297, 1.346]" , "[-0.0062, -0.0087, -0.0079]"
1728824548089, BTC_USDT,   62624.4, -0.0079     ,   62624.5,    62657.2, 287213509, 1809382491.72519,     68922.9,     56391.4,      62490.2,     63460.3, 62624.4, 62624.5, 71113323, -500.5       , 2.8e-05    , UTC+8, "[-0.0079, 0.0079, 0.0896, 0.0428, -0.0297, 1.346]" , "[-0.0062, -0.0087, -0.0079]"
1728824550111, BTC_USDT,   62624.5, -0.0079     ,   62624.5,    62657.0, 287216780, 1809402976.01125,     68922.7,     56391.3,      62490.2,     63460.3, 62624.4, 62624.5, 71113329, -500.4       , 2.8e-05    , UTC+8, "[-0.0079, 0.0079, 0.0896, 0.0428, -0.0297, 1.346]" , "[-0.0062, -0.0087, -0.0079]"
1728824552105, BTC_USDT,   62624.4, -0.0079     ,   62624.4,    62656.9, 287217315, 1809406324.10242,     68922.5,     56391.2,      62490.2,     63460.3, 62624.4, 62624.5, 71111611, -500.5       , 2.8e-05    , UTC+8, "[-0.0079, 0.0079, 0.0896, 0.0428, -0.0297, 1.346]" , "[-0.0062, -0.0087, -0.0079]"
1728824554107, BTC_USDT,   62624.4, -0.0079     ,   62624.4,    62656.9, 287229580, 1809483134.61503,     68922.5,     56391.2,      62490.2,     63460.3, 62624.4, 62624.5, 71113659, -500.5       , 2.8e-05    , UTC+8, "[-0.0079, 0.0079, 0.0896, 0.0428, -0.0297, 1.346]" , "[-0.0062, -0.0087, -0.0079]"
1728824556106, BTC_USDT,   62614.4, -0.008      ,   62624.4,    62656.5, 287229746, 1809484174.89708,     68922.1,     56390.8,      62490.2,     63460.3, 62614.3, 62614.4, 71114019, -510.5       , 2.8e-05    , UTC+8, "[-0.008, 0.0077, 0.0894, 0.0426, -0.0299, 1.3457]" , "[-0.0063, -0.0088, -0.008]"
1728824559099, BTC_USDT,   62614.3, -0.008      ,   62615.5,    62648.4, 287230276, 1809487491.3263 ,     68913.2,     56383.5,      62490.2,     63460.3, 62614.3, 62614.4, 71080139, -510.6       , 2.8e-05    , UTC+8, "[-0.008, 0.0077, 0.0894, 0.0426, -0.0299, 1.3457]" , "[-0.0063, -0.0088, -0.008]"
1728824561134, BTC_USDT,   62614.3, -0.008      ,   62615.4,    62648.3, 287236451, 1809526159.3446 ,     68913.1,     56383.4,      62490.2,     63460.3, 62614.3, 62614.4, 71080326, -510.6       , 2.8e-05    , UTC+8, "[-0.008, 0.0077, 0.0894, 0.0426, -0.0299, 1.3457]" , "[-0.0063, -0.0088, -0.008]"
1728824563112, BTC_USDT,   62614.4, -0.008      ,   62615.4,    62648.3, 287240999, 1809554633.52205,     68913.1,     56383.4,      62490.2,     63460.3, 62614.3, 62614.4, 71092313, -510.5       , 2.8e-05    , UTC+8, "[-0.008, 0.0077, 0.0894, 0.0426, -0.0299, 1.3457]" , "[-0.0063, -0.0088, -0.008]"
1728824565111, BTC_USDT,   62614.3, -0.008      ,   62615.5,    62648.4, 287241244, 1809556167.25933,     68913.2,     56383.5,      62490.2,     63460.3, 62614.3, 62614.4, 71092844, -510.6       , 2.8e-05    , UTC+8, "[-0.008, 0.0077, 0.0894, 0.0426, -0.0299, 1.3457]" , "[-0.0063, -0.0088, -0.008]"
1728824567101, BTC_USDT,   62614.4, -0.008      ,   62615.5,    62648.4, 287241261, 1809556273.95426,     68913.2,     56383.5,      62490.2,     63460.3, 62614.3, 62614.4, 71092844, -510.5       , 2.8e-05    , UTC+8, "[-0.008, 0.0077, 0.0894, 0.0426, -0.0299, 1.3457]" , "[-0.0063, -0.0088, -0.008]"
1728824570108, BTC_USDT,   62614.3, -0.008      ,   62615.5,    62648.4, 287242379, 1809563275.80819,     68913.2,     56383.5,      62490.2,     63460.3, 62614.3, 62614.4, 71095337, -510.6       , 2.8e-05    , UTC+8, "[-0.008, 0.0077, 0.0894, 0.0426, -0.0299, 1.3457]" , "[-0.0063, -0.0088, -0.008]"
1728824572097, BTC_USDT,   62614.4, -0.008      ,   62615.5,    62648.4, 287242383, 1809563302.48193,     68913.2,     56383.5,      62490.2,     63460.3, 62614.3, 62614.4, 71093596, -510.5       , 2.8e-05    , UTC+8, "[-0.008, 0.0077, 0.0894, 0.0426, -0.0299, 1.3457]" , "[-0.0063, -0.0088, -0.008]"
1728824574104, BTC_USDT,   62614.4, -0.008      ,   62615.5,    62648.4, 287242398, 1809563395.83995,     68913.2,     56383.5,      62490.2,     63460.3, 62614.3, 62614.4, 71095337, -510.5       , 2.8e-05    , UTC+8, "[-0.008, 0.0077, 0.0894, 0.0426, -0.0299, 1.3457]" , "[-0.0063, -0.0088, -0.008]"
1728824576105, BTC_USDT,   62614.3, -0.008      ,   62615.5,    62648.4, 287242419, 1809563524.7629 ,     68913.2,     56383.5,      62490.2,     63460.3, 62614.3, 62614.4, 71093596, -510.6       , 2.8e-05    , UTC+8, "[-0.008, 0.0077, 0.0894, 0.0426, -0.0299, 1.3457]" , "[-0.0063, -0.0088, -0.008]"
1728824578089, BTC_USDT,   62614.3, -0.008      ,   62615.5,    62648.4, 287243429, 1809569846.43793,     68913.2,     56383.5,      62490.2,     63460.3, 62614.3, 62614.4, 71097595, -510.6       , 2.8e-05    , UTC+8, "[-0.008, 0.0077, 0.0894, 0.0426, -0.0299, 1.3457]" , "[-0.0063, -0.0088, -0.008]"
1728824581096, BTC_USDT,   62614.3, -0.008      ,   62615.5,    62648.4, 287303049, 1809943153.64753,     68913.2,     56383.5,      62490.2,     63460.3, 62614.3, 62614.4, 71230201, -510.6       , 2.8e-05    , UTC+8, "[-0.008, 0.0077, 0.0894, 0.0426, -0.0299, 1.3457]" , "[-0.0063, -0.0088, -0.008]"
1728824583103, BTC_USDT,   62614.3, -0.008      ,   62615.6,    62648.5, 287303678, 1809947092.46897,     68913.3,     56383.6,      62490.2,     63460.3, 62614.3, 62614.4, 71234163, -510.6       , 2.7e-05    , UTC+8, "[-0.008, 0.0077, 0.0894, 0.0426, -0.0299, 1.3457]" , "[-0.0063, -0.0088, -0.008]"
1728824585091, BTC_USDT,   62617.9, -0.008      ,   62615.9,    62648.8, 287304999, 1809955365.7841 ,     68913.6,     56383.9,      62490.2,     63460.3, 62617.8, 62617.9, 71234539, -507.0       , 2.7e-05    , UTC+8, "[-0.008, 0.0078, 0.0895, 0.0427, -0.0298, 1.3458]" , "[-0.0063, -0.0088, -0.008]"
1728824587108, BTC_USDT,   62618.0, -0.008      ,   62618.0,    62648.8, 287305990, 1809961572.22979,     68913.6,     56383.9,      62490.2,     63460.3, 62617.9, 62618.0, 71238497, -506.9       , 2.7e-05    , UTC+8, "[-0.008, 0.0078, 0.0895, 0.0427, -0.0298, 1.3458]" , "[-0.0063, -0.0088, -0.008]"
1728824589103, BTC_USDT,   62617.9, -0.008      ,   62617.9,    62648.8, 287306003, 1809961652.25552,     68913.6,     56383.9,      62490.2,     63460.3, 62617.9, 62618.0, 71236756, -507.0       , 2.7e-05    , UTC+8, "[-0.008, 0.0078, 0.0895, 0.0427, -0.0298, 1.3458]" , "[-0.0063, -0.0088, -0.008]"
1728824592131, BTC_USDT,   62624.4, -0.0079     ,   62624.2,    62655.7, 287306706, 1809966054.08366,     68921.2,     56390.1,      62490.2,     63460.3, 62624.4, 62624.5, 71094588, -500.5       , 2.7e-05    , UTC+8, "[-0.0079, 0.0079, 0.0896, 0.0428, -0.0297, 1.346]" , "[-0.0062, -0.0087, -0.0079]"
1728824594103, BTC_USDT,   62633.2, -0.0077     ,   62629.0,    62659.6, 287307912, 1809973604.24925,     68925.5,     56393.6,      62490.2,     63460.3, 62637.7, 62637.8, 71095558, -491.7       , 2.7e-05    , UTC+8, "[-0.0077, 0.008, 0.0897, 0.0429, -0.0296, 1.3464]" , "[-0.006, -0.0085, -0.0077]"
1728824596109, BTC_USDT,   62637.8, -0.0077     ,   62633.2,    62665.6, 287322228, 1810063279.24672,     68932.1,     56399.0,      62490.2,     63460.3, 62637.7, 62637.8, 71113385, -487.1       , 2.7e-05    , UTC+8, "[-0.0077, 0.0081, 0.0898, 0.043, -0.0295, 1.3465]" , "[-0.006, -0.0085, -0.0077]"
1728824598095, BTC_USDT,   62637.8, -0.0077     ,   62637.8,    62669.0, 287331999, 1810124482.76628,     68935.9,     56402.1,      62490.2,     63460.3, 62637.7, 62637.8, 71126398, -487.1       , 2.7e-05    , UTC+8, "[-0.0077, 0.0081, 0.0898, 0.043, -0.0295, 1.3465]" , "[-0.006, -0.0085, -0.0077]"
1728824600112, BTC_USDT,   62640.0, -0.0076     ,   62637.8,    62669.2, 287332742, 1810129134.6284 ,     68936.1,     56402.2,      62490.2,     63460.3, 62640.1, 62640.2, 71126443, -484.9       , 2.7e-05    , UTC+8, "[-0.0076, 0.0081, 0.0899, 0.043, -0.0295, 1.3466]" , "[-0.0059, -0.0084, -0.0076]"
1728824603105, BTC_USDT,   62647.8, -0.0075     ,   62647.8,    62678.6, 287340254, 1810176196.813  ,     68946.4,     56410.7,      62490.2,     63460.3, 62647.8, 62647.9, 71128195, -477.1       , 2.7e-05    , UTC+8, "[-0.0075, 0.0083, 0.09, 0.0432, -0.0294, 1.3469]"  , "[-0.0058, -0.0083, -0.0075]"
1728824605103, BTC_USDT,   62649.8, -0.0075     ,   62648.0,    62679.9, 287478118, 1811039883.36928,     68947.8,     56411.9,      62490.2,     63460.3, 62654.7, 62654.8, 71431886, -475.1       , 2.7e-05    , UTC+8, "[-0.0075, 0.0083, 0.09, 0.0432, -0.0293, 1.347]"   , "[-0.0058, -0.0083, -0.0075]"
1728824607111, BTC_USDT,   62655.0, -0.0074     ,   62654.7,    62684.9, 287778189, 1812919973.60767,     68953.3,     56416.4,      62490.2,     63460.3, 62654.7, 62654.9, 72100977, -469.9       , 2.7e-05    , UTC+8, "[-0.0074, 0.0084, 0.0901, 0.0433, -0.0292, 1.3472]", "[-0.0057, -0.0082, -0.0074]"
1728824609101, BTC_USDT,   62660.2, -0.0073     ,   62657.3,    62689.9, 287831238, 1813252383.9207 ,     68958.8,     56420.9,      62490.2,     63460.3, 62660.1, 62660.2, 72110420, -464.7       , 2.7e-05    , UTC+8, "[-0.0073, 0.0085, 0.0902, 0.0434, -0.0292, 1.3474]", "[-0.0056, -0.0081, -0.0073]"
1728824612107, BTC_USDT,   62660.2, -0.0073     ,   62660.3,    62689.9, 288031151, 1814505040.74733,     68958.8,     56420.9,      62490.2,     63460.3, 62660.1, 62660.2, 72558884, -464.7       , 2.7e-05    , UTC+8, "[-0.0073, 0.0085, 0.0902, 0.0434, -0.0292, 1.3474]", "[-0.0056, -0.0081, -0.0073]"
1728824614117, BTC_USDT,   62660.2, -0.0073     ,   62660.1,    62689.9, 288036036, 1814535653.45069,     68958.8,     56420.9,      62490.2,     63460.3, 62660.1, 62660.2, 72560652, -464.7       , 2.7e-05    , UTC+8, "[-0.0073, 0.0085, 0.0902, 0.0434, -0.0292, 1.3474]", "[-0.0056, -0.0081, -0.0073]"
1728824616108, BTC_USDT,   62660.1, -0.0073     ,   62660.1,    62689.8, 288036056, 1814535773.57011,     68958.7,     56420.8,      62490.2,     63460.3, 62660.1, 62660.2, 72558912, -464.8       , 2.7e-05    , UTC+8, "[-0.0073, 0.0085, 0.0902, 0.0434, -0.0292, 1.3474]", "[-0.0056, -0.0081, -0.0073]"
1728824618098, BTC_USDT,   62660.1, -0.0073     ,   62660.2,    62689.8, 288036556, 1814538910.02145,     68958.7,     56420.8,      62490.2,     63460.3, 62660.1, 62660.2, 72560033, -464.8       , 2.7e-05    , UTC+8, "[-0.0073, 0.0085, 0.0902, 0.0434, -0.0292, 1.3474]", "[-0.0056, -0.0081, -0.0073]"
1728824620112, BTC_USDT,   62660.2, -0.0073     ,   62660.2,    62689.8, 288036973, 1814541521.5105 ,     68958.7,     56420.8,      62490.2,     63460.3, 62660.1, 62660.2, 72565262, -464.7       , 2.7e-05    , UTC+8, "[-0.0073, 0.0085, 0.0902, 0.0434, -0.0292, 1.3474]", "[-0.0056, -0.0081, -0.0073]"
1728824623096, BTC_USDT,   62660.2, -0.0073     ,   62660.1,    62689.8, 288046036, 1814598311.38946,     68958.7,     56420.8,      62490.2,     63460.3, 62660.1, 62660.2, 72575249, -464.7       , 2.7e-05    , UTC+8, "[-0.0073, 0.0085, 0.0902, 0.0434, -0.0292, 1.3474]", "[-0.0056, -0.0081, -0.0073]"
1728824625111, BTC_USDT,   62660.2, -0.0073     ,   62660.2,    62689.8, 288046521, 1814601349.96892,     68958.7,     56420.8,      62490.2,     63460.3, 62660.1, 62660.2, 72575628, -464.7       , 2.7e-05    , UTC+8, "[-0.0073, 0.0085, 0.0902, 0.0434, -0.0292, 1.3474]", "[-0.0056, -0.0081, -0.0073]"
1728824627100, BTC_USDT,   62660.1, -0.0073     ,   62660.2,    62689.8, 288050160, 1814624154.86168,     68958.7,     56420.8,      62490.2,     63460.3, 62660.1, 62660.2, 72583182, -464.8       , 2.7e-05    , UTC+8, "[-0.0073, 0.0085, 0.0902, 0.0434, -0.0292, 1.3474]", "[-0.0056, -0.0081, -0.0073]"
1728824629100, BTC_USDT,   62669.0, -0.0072     ,   62668.2,    62694.0, 288055742, 1814659131.3635 ,     68963.4,     56424.6,      62490.2,     63460.3, 62669.6, 62669.7, 72592364, -455.9       , 2.7e-05    , UTC+8, "[-0.0072, 0.0086, 0.0904, 0.0435, -0.029, 1.3477]" , "[-0.0055, -0.008, -0.0072]"
1728824631108, BTC_USDT,   62669.6, -0.0072     ,   62669.6,    62697.5, 288056463, 1814663652.10055,     68967.2,     56427.7,      62490.2,     63460.3, 62669.6, 62669.7, 72590624, -455.3       , 2.7e-05    , UTC+8, "[-0.0072, 0.0086, 0.0904, 0.0435, -0.029, 1.3477]" , "[-0.0055, -0.008, -0.0072]"
1728824634108, BTC_USDT,   62669.6, -0.0072     ,   62669.7,    62697.5, 288066223, 1814724820.04348,     68967.2,     56427.7,      62490.2,     63460.3, 62669.6, 62669.7, 72597244, -455.3       , 2.7e-05    , UTC+8, "[-0.0072, 0.0086, 0.0904, 0.0435, -0.029, 1.3477]" , "[-0.0055, -0.008, -0.0072]"
1728824636110, BTC_USDT,   62669.7, -0.0072     ,   62669.7,    62697.5, 288095772, 1814909996.91168,     68967.2,     56427.7,      62490.2,     63460.3, 62669.6, 62669.7, 72662520, -455.2       , 2.7e-05    , UTC+8, "[-0.0072, 0.0086, 0.0904, 0.0435, -0.029, 1.3477]" , "[-0.0054, -0.008, -0.0072]"
1728824638089, BTC_USDT,   62669.7, -0.0072     ,   62669.7,    62697.7, 288095936, 1814911024.7558 ,     68967.4,     56427.9,      62490.2,     63460.3, 62669.6, 62669.7, 72633420, -455.2       , 2.7e-05    , UTC+8, "[-0.0072, 0.0086, 0.0904, 0.0435, -0.029, 1.3477]" , "[-0.0054, -0.008, -0.0072]"
1728824640102, BTC_USDT,   62669.6, -0.0072     ,   62669.7,    62697.7, 288096779, 1814916310.81946,     68967.4,     56427.9,      62490.2,     63460.3, 62669.6, 62669.7, 72632460, -455.3       , 2.7e-05    , UTC+8, "[-0.0072, 0.0086, 0.0904, 0.0435, -0.029, 1.3477]" , "[-0.0055, -0.008, -0.0072]"
1728824643104, BTC_USDT,   62670.0, -0.0072     ,   62670.0,    62699.9, 288104975, 1814967676.62061,     68969.8,     56429.9,      62490.2,     63460.3, 62669.9, 62670.0, 72641688, -454.9       , 2.7e-05    , UTC+8, "[-0.0072, 0.0086, 0.0904, 0.0435, -0.029, 1.3477]" , "[-0.0054, -0.008, -0.0072]"
1728824645112, BTC_USDT,   62671.6, -0.0071     ,   62670.9,    62700.1, 288109136, 1814993751.49234,     68970.1,     56430.0,      62490.2,     63460.3, 62671.6, 62671.7, 72639947, -453.3       , 2.7e-05    , UTC+8, "[-0.0071, 0.0086, 0.0904, 0.0435, -0.029, 1.3478]" , "[-0.0054, -0.0079, -0.0071]"
1728824647107, BTC_USDT,   62671.7, -0.0071     ,   62671.7,    62700.1, 288110797, 1815004163.75986,     68970.1,     56430.0,      62490.2,     63460.3, 62671.6, 62671.7, 72640097, -453.2       , 2.7e-05    , UTC+8, "[-0.0071, 0.0086, 0.0904, 0.0436, -0.029, 1.3478]" , "[-0.0054, -0.0079, -0.0071]"
1728824649121, BTC_USDT,   62671.6, -0.0071     ,   62671.6,    62700.0, 288110823, 1815004323.94851,     68970.0,     56430.0,      62490.2,     63460.3, 62671.6, 62671.7, 72640097, -453.3       , 2.7e-05    , UTC+8, "[-0.0071, 0.0086, 0.0904, 0.0435, -0.029, 1.3478]" , "[-0.0054, -0.0079, -0.0071]"
1728824651103, BTC_USDT,   62671.6, -0.0071     ,   62671.6,    62700.0, 288111367, 1815007736.86115,     68970.0,     56430.0,      62490.2,     63460.3, 62671.6, 62671.7, 72642854, -453.3       , 2.7e-05    , UTC+8, "[-0.0071, 0.0086, 0.0904, 0.0435, -0.029, 1.3478]" , "[-0.0054, -0.0079, -0.0071]"
1728824654108, BTC_USDT,   62677.0, -0.007      ,   62671.7,    62700.0, 288112683, 1815015982.15544,     68970.0,     56430.0,      62490.2,     63460.3, 62677.1, 62677.2, 72641219, -447.9       , 2.7e-05    , UTC+8, "[-0.007, 0.0087, 0.0905, 0.0436, -0.0289, 1.348]"  , "[-0.0053, -0.0078, -0.007]"
1728824656108, BTC_USDT,   62677.9, -0.007      ,   62677.9,    62703.3, 288127370, 1815108037.69251,     68973.6,     56432.9,      62490.2,     63460.3, 62677.9, 62678.0, 72674046, -447.0       , 2.7e-05    , UTC+8, "[-0.007, 0.0087, 0.0905, 0.0437, -0.0289, 1.348]"  , "[-0.0053, -0.0078, -0.007]"
1728824658099, BTC_USDT,   62678.0, -0.007      ,   62678.0,    62704.2, 288127573, 1815109310.43195,     68974.6,     56433.7,      62490.2,     63460.3, 62677.9, 62678.0, 72675787, -446.9       , 2.7e-05    , UTC+8, "[-0.007, 0.0087, 0.0905, 0.0437, -0.0289, 1.348]"  , "[-0.0053, -0.0078, -0.007]"
1728824660104, BTC_USDT,   62678.4, -0.007      ,   62678.4,    62706.8, 288129513, 1815121468.28649,     68977.4,     56436.1,      62490.2,     63460.3, 62678.3, 62678.4, 72679928, -446.5       , 2.7e-05    , UTC+8, "[-0.007, 0.0088, 0.0905, 0.0437, -0.0289, 1.3481]" , "[-0.0053, -0.0078, -0.007]"
1728824662107, BTC_USDT,   62679.5, -0.007      ,   62678.4,    62706.8, 288131692, 1815135126.10864,     68977.4,     56436.1,      62490.2,     63460.3, 62679.5, 62679.6, 72683096, -445.4       , 2.7e-05    , UTC+8, "[-0.007, 0.0088, 0.0906, 0.0437, -0.0289, 1.3481]" , "[-0.0053, -0.0078, -0.007]"
1728824665105, BTC_USDT,   62683.1, -0.0069     ,   62683.1,    62706.8, 288133176, 1815144431.80647,     68977.4,     56436.1,      62490.2,     63460.3, 62683.1, 62683.2, 72683390, -441.8       , 2.7e-05    , UTC+8, "[-0.0069, 0.0088, 0.0906, 0.0437, -0.0288, 1.3482]", "[-0.0052, -0.0078, -0.0069]"
1728824667105, BTC_USDT,   62685.5, -0.0069     ,   62684.0,    62710.1, 288136216, 1815163484.98419,     68981.1,     56439.0,      62490.2,     63460.3, 62685.5, 62685.6, 72689041, -439.4       , 2.7e-05    , UTC+8, "[-0.0069, 0.0089, 0.0907, 0.0438, -0.0288, 1.3483]", "[-0.0052, -0.0077, -0.0069]"
1728824669108, BTC_USDT,   62685.6, -0.0069     ,   62685.5,    62709.9, 288144052, 1815212602.62714,     68980.8,     56438.9,      62490.2,     63460.3, 62685.5, 62685.6, 72708264, -439.3       , 2.7e-05    , UTC+8, "[-0.0069, 0.0089, 0.0907, 0.0438, -0.0288, 1.3483]", "[-0.0052, -0.0077, -0.0069]"
1728824671103, BTC_USDT,   62685.6, -0.0069     ,   62685.5,    62709.9, 288146385, 1815227227.55345,     68980.8,     56438.9,      62490.2,     63460.3, 62685.5, 62685.6, 72710880, -439.3       , 2.7e-05    , UTC+8, "[-0.0069, 0.0089, 0.0907, 0.0438, -0.0288, 1.3483]", "[-0.0052, -0.0077, -0.0069]"
1728824674111, BTC_USDT,   62685.6, -0.0069     ,   62685.5,    62711.4, 288146398, 1815227312.11629,     68982.5,     56440.2,      62490.2,     63460.3, 62685.5, 62685.6, 72710883, -439.3       , 2.7e-05    , UTC+8, "[-0.0069, 0.0089, 0.0907, 0.0438, -0.0288, 1.3483]", "[-0.0052, -0.0077, -0.0069]"
1728824676105, BTC_USDT,   62685.3, -0.0069     ,   62685.6,    62711.4, 288465312, 1817226435.61205,     68982.5,     56440.2,      62490.2,     63460.3, 62685.4, 62685.6, 72707513, -439.6       , 2.7e-05    , UTC+8, "[-0.0069, 0.0089, 0.0907, 0.0438, -0.0288, 1.3483]", "[-0.0052, -0.0077, -0.0069]"
1728824678100, BTC_USDT,   62685.5, -0.0069     ,   62685.5,    62711.4, 288468706, 1817247714.27366,     68982.5,     56440.2,      62490.2,     63460.3, 62685.5, 62685.6, 72033524, -439.4       , 2.7e-05    , UTC+8, "[-0.0069, 0.0089, 0.0907, 0.0438, -0.0288, 1.3483]", "[-0.0052, -0.0077, -0.0069]"
1728824680107, BTC_USDT,   62685.6, -0.0069     ,   62685.5,    62711.4, 288469741, 1817254198.9007 ,     68982.5,     56440.2,      62490.2,     63460.3, 62685.5, 62685.6, 72035835, -439.3       , 2.7e-05    , UTC+8, "[-0.0069, 0.0089, 0.0907, 0.0438, -0.0288, 1.3483]", "[-0.0052, -0.0077, -0.0069]"
1728824682104, BTC_USDT,   62685.5, -0.0069     ,   62685.6,    62711.4, 288470208, 1817257127.44401,     68982.5,     56440.2,      62490.2,     63460.3, 62685.5, 62685.6, 72036131, -439.4       , 2.7e-05    , UTC+8, "[-0.0069, 0.0089, 0.0907, 0.0438, -0.0288, 1.3483]", "[-0.0052, -0.0077, -0.0069]"
1728824685107, BTC_USDT,   62685.5, -0.0069     ,   62685.6,    62711.3, 288472113, 1817269073.05613,     68982.4,     56440.1,      62490.2,     63460.3, 62685.5, 62685.6, 72036752, -439.4       , 2.7e-05    , UTC+8, "[-0.0069, 0.0089, 0.0907, 0.0438, -0.0288, 1.3483]", "[-0.0052, -0.0077, -0.0069]"
1728824687102, BTC_USDT,   62684.6, -0.0069     ,   62685.5,    62711.3, 288477176, 1817300806.35238,     68982.4,     56440.1,      62490.2,     63460.3, 62683.4, 62683.5, 72048033, -440.3       , 2.7e-05    , UTC+8, "[-0.0069, 0.0089, 0.0906, 0.0438, -0.0288, 1.3483]", "[-0.0052, -0.0077, -0.0069]"
1728824689106, BTC_USDT,   62683.4, -0.0069     ,   62683.5,    62711.3, 288478442, 1817308741.63989,     68982.4,     56440.1,      62490.2,     63460.3, 62683.4, 62683.5, 72049572, -441.5       , 2.7e-05    , UTC+8, "[-0.0069, 0.0088, 0.0906, 0.0437, -0.0288, 1.3482]", "[-0.0052, -0.0077, -0.0069]"
1728824691100, BTC_USDT,   62683.2, -0.0069     ,   62683.5,    62711.2, 288480195, 1817319734.39664,     68982.3,     56440.0,      62490.2,     63460.3, 62683.1, 62683.2, 72055124, -441.7       , 2.7e-05    , UTC+8, "[-0.0069, 0.0088, 0.0906, 0.0437, -0.0288, 1.3482]", "[-0.0052, -0.0078, -0.0069]"
1728824693104, BTC_USDT,   62683.1, -0.0069     ,   62683.2,    62711.2, 288482954, 1817337024.61237,     68982.3,     56440.0,      62490.2,     63460.3, 62683.1, 62683.2, 72054441, -441.8       , 2.7e-05    , UTC+8, "[-0.0069, 0.0088, 0.0906, 0.0437, -0.0288, 1.3482]", "[-0.0052, -0.0078, -0.0069]"
1728824696103, BTC_USDT,   62683.2, -0.0069     ,   62683.1,    62711.2, 288485192, 1817351052.59041,     68982.3,     56440.0,      62490.2,     63460.3, 62683.1, 62683.2, 72055755, -441.7       , 2.7e-05    , UTC+8, "[-0.0069, 0.0088, 0.0906, 0.0437, -0.0288, 1.3482]", "[-0.0052, -0.0078, -0.0069]"
1728824698115, BTC_USDT,   62683.2, -0.0069     ,   62683.1,    62711.2, 288486338, 1817358240.15293,     68982.3,     56440.0,      62490.2,     63460.3, 62683.1, 62683.2, 72057496, -441.7       , 2.7e-05    , UTC+8, "[-0.0069, 0.0088, 0.0906, 0.0437, -0.0288, 1.3482]", "[-0.0052, -0.0078, -0.0069]"
1728824700123, BTC_USDT,   62680.1, -0.007      ,   62683.1,    62711.1, 288491862, 1817392865.09611,     68982.2,     56439.9,      62490.2,     63460.3, 62680.0, 62680.1, 72055756, -444.8       , 2.7e-05    , UTC+8, "[-0.007, 0.0088, 0.0906, 0.0437, -0.0289, 1.3481]" , "[-0.0053, -0.0078, -0.007]"
1728824702099, BTC_USDT,   62680.0, -0.007      ,   62680.1,    62711.1, 288491996, 1817393701.74919,     68982.2,     56439.9,      62490.2,     63460.3, 62680.0, 62680.1, 72055952, -444.9       , 2.7e-05    , UTC+8, "[-0.007, 0.0088, 0.0906, 0.0437, -0.0289, 1.3481]" , "[-0.0053, -0.0078, -0.007]"
1728824705100, BTC_USDT,   62683.1, -0.0069     ,   62680.0,    62711.1, 288494853, 1817411614.1691 ,     68982.2,     56439.9,      62490.2,     63460.3, 62683.1, 62683.2, 72061571, -441.8       , 2.7e-05    , UTC+8, "[-0.0069, 0.0088, 0.0906, 0.0437, -0.0288, 1.3482]", "[-0.0052, -0.0078, -0.0069]"
1728824707102, BTC_USDT,   62683.2, -0.0069     ,   62683.1,    62711.2, 288494927, 1817412077.02114,     68982.3,     56440.0,      62490.2,     63460.3, 62683.1, 62683.2, 72061731, -441.7       , 2.7e-05    , UTC+8, "[-0.0069, 0.0088, 0.0906, 0.0437, -0.0288, 1.3482]", "[-0.0052, -0.0078, -0.0069]"
1728824709102, BTC_USDT,   62683.2, -0.0069     ,   62683.2,    62711.3, 288495163, 1817413554.58949,     68982.4,     56440.1,      62490.2,     63460.3, 62683.1, 62683.2, 72061555, -441.7       , 2.7e-05    , UTC+8, "[-0.0069, 0.0088, 0.0906, 0.0437, -0.0288, 1.3482]", "[-0.0052, -0.0078, -0.0069]"
1728824711110, BTC_USDT,   62683.2, -0.0069     ,   62683.2,    62711.3, 288495557, 1817416024.62093,     68982.4,     56440.1,      62490.2,     63460.3, 62683.1, 62683.2, 72063296, -441.7       , 2.7e-05    , UTC+8, "[-0.0069, 0.0088, 0.0906, 0.0437, -0.0288, 1.3482]", "[-0.0052, -0.0078, -0.0069]"
1728824713091, BTC_USDT,   62683.1, -0.0069     ,   62683.2,    62711.4, 288496669, 1817422994.10942,     68982.5,     56440.2,      62490.2,     63460.3, 62683.1, 62683.2, 72064040, -441.8       , 2.7e-05    , UTC+8, "[-0.0069, 0.0088, 0.0906, 0.0437, -0.0288, 1.3482]", "[-0.0052, -0.0078, -0.0069]"
1728824716106, BTC_USDT,   62680.1, -0.007      ,   62683.1,    62711.1, 288497643, 1817429100.19538,     68982.2,     56439.9,      62490.2,     63460.3, 62680.1, 62680.2, 72066198, -444.8       , 2.7e-05    , UTC+8, "[-0.007, 0.0088, 0.0906, 0.0437, -0.0289, 1.3481]" , "[-0.0053, -0.0078, -0.007]"
1728824718110, BTC_USDT,   62680.1, -0.007      ,   62680.1,    62711.0, 288498365, 1817433626.14443,     68982.1,     56439.9,      62490.2,     63460.3, 62680.0, 62680.1, 72067939, -444.8       , 2.7e-05    , UTC+8, "[-0.007, 0.0088, 0.0906, 0.0437, -0.0289, 1.3481]" , "[-0.0053, -0.0078, -0.007]"
1728824720119, BTC_USDT,   62680.1, -0.007      ,   62680.0,    62711.0, 288498383, 1817433737.40151,     68982.1,     56439.9,      62490.2,     63460.3, 62680.0, 62680.1, 72069240, -444.8       , 2.7e-05    , UTC+8, "[-0.007, 0.0088, 0.0906, 0.0437, -0.0289, 1.3481]" , "[-0.0053, -0.0078, -0.007]"
1728824722106, BTC_USDT,   62684.4, -0.0069     ,   62683.5,    62711.0, 288499353, 1817439821.07792,     68982.1,     56439.9,      62490.2,     63460.3, 62684.4, 62684.5, 72070092, -440.5       , 2.7e-05    , UTC+8, "[-0.0069, 0.0089, 0.0906, 0.0438, -0.0288, 1.3483]", "[-0.0052, -0.0077, -0.0069]"
1728824725113, BTC_USDT,   62684.5, -0.0069     ,   62684.5,    62711.0, 288502531, 1817459741.96116,     68982.1,     56439.9,      62490.2,     63460.3, 62684.4, 62684.5, 72072256, -440.4       , 2.7e-05    , UTC+8, "[-0.0069, 0.0089, 0.0906, 0.0438, -0.0288, 1.3483]", "[-0.0052, -0.0077, -0.0069]"
1728824727105, BTC_USDT,   62684.5, -0.0069     ,   62684.5,    62711.0, 288503407, 1817465234.00094,     68982.1,     56439.9,      62490.2,     63460.3, 62684.4, 62684.5, 72074208, -440.4       , 2.7e-05    , UTC+8, "[-0.0069, 0.0089, 0.0906, 0.0438, -0.0288, 1.3483]", "[-0.0052, -0.0077, -0.0069]"
1728824729106, BTC_USDT,   62684.4, -0.0069     ,   62684.4,    62711.0, 288503562, 1817466204.2306 ,     68982.1,     56439.9,      62490.2,     63460.3, 62684.4, 62684.5, 72050120, -440.5       , 2.7e-05    , UTC+8, "[-0.0069, 0.0089, 0.0906, 0.0438, -0.0288, 1.3483]", "[-0.0052, -0.0077, -0.0069]"
1728824731106, BTC_USDT,   62684.5, -0.0069     ,   62684.4,    62711.2, 288504251, 1817470521.30532,     68982.3,     56440.0,      62490.2,     63460.3, 62684.4, 62684.5, 72049910, -440.4       , 2.7e-05    , UTC+8, "[-0.0069, 0.0089, 0.0906, 0.0438, -0.0288, 1.3483]", "[-0.0052, -0.0077, -0.0069]"
1728824733102, BTC_USDT,   62684.5, -0.0069     ,   62684.5,    62711.1, 288504491, 1817472025.60777,     68982.2,     56439.9,      62490.2,     63460.3, 62684.4, 62684.5, 72050326, -440.4       , 2.7e-05    , UTC+8, "[-0.0069, 0.0089, 0.0906, 0.0438, -0.0288, 1.3483]", "[-0.0052, -0.0077, -0.0069]"
1728824736106, BTC_USDT,   62687.2, -0.0069     ,   62687.1,    62711.6, 288505899, 1817480851.45068,     68982.7,     56440.4,      62490.2,     63460.3, 62687.1, 62687.2, 72052836, -437.7       , 2.7e-05    , UTC+8, "[-0.0069, 0.0089, 0.0907, 0.0438, -0.0287, 1.3484]", "[-0.0052, -0.0077, -0.0069]"
1728824738095, BTC_USDT,   62693.8, -0.0068     ,   62687.1,    62716.0, 288513452, 1817528207.14313,     68987.6,     56444.4,      62490.2,     63460.3, 62693.7, 62693.8, 72061190, -431.1       , 2.7e-05    , UTC+8, "[-0.0068, 0.009, 0.0908, 0.0439, -0.0286, 1.3486]" , "[-0.0051, -0.0076, -0.0068]"
1728824740112, BTC_USDT,   62693.8, -0.0068     ,   62693.7,    62716.0, 288520159, 1817570253.74295,     68987.6,     56444.4,      62490.2,     63460.3, 62693.7, 62693.8, 72064688, -431.1       , 2.7e-05    , UTC+8, "[-0.0068, 0.009, 0.0908, 0.0439, -0.0286, 1.3486]" , "[-0.0051, -0.0076, -0.0068]"
1728824742107, BTC_USDT,   62693.8, -0.0068     ,   62693.8,    62716.1, 288521168, 1817576578.98306,     68987.7,     56444.4,      62490.2,     63460.3, 62693.7, 62693.8, 72065120, -431.1       , 2.7e-05    , UTC+8, "[-0.0068, 0.009, 0.0908, 0.0439, -0.0286, 1.3486]" , "[-0.0051, -0.0076, -0.0068]"
1728824744115, BTC_USDT,   62693.8, -0.0068     ,   62693.7,    62716.1, 288524173, 1817595416.71083,     68987.7,     56444.4,      62490.2,     63460.3, 62693.7, 62693.8, 72065745, -431.1       , 2.7e-05    , UTC+8, "[-0.0068, 0.009, 0.0908, 0.0439, -0.0286, 1.3486]" , "[-0.0051, -0.0076, -0.0068]"
1728824747107, BTC_USDT,   62693.8, -0.0068     ,   62693.7,    62716.1, 288532202, 1817645756.00513,     68987.7,     56444.4,      62490.2,     63460.3, 62693.7, 62693.8, 72083883, -431.1       , 2.7e-05    , UTC+8, "[-0.0068, 0.009, 0.0908, 0.0439, -0.0286, 1.3486]" , "[-0.0051, -0.0076, -0.0068]"
1728824749101, BTC_USDT,   62693.8, -0.0068     ,   62693.8,    62716.1, 288532912, 1817650207.26486,     68987.7,     56444.4,      62490.2,     63460.3, 62693.7, 62693.8, 72083726, -431.1       , 2.7e-05    , UTC+8, "[-0.0068, 0.009, 0.0908, 0.0439, -0.0286, 1.3486]" , "[-0.0051, -0.0076, -0.0068]"
1728824751099, BTC_USDT,   62693.8, -0.0068     ,   62693.8,    62716.1, 288533212, 1817652085.69601,     68987.7,     56444.4,      62490.2,     63460.3, 62693.7, 62693.8, 72084384, -431.1       , 2.7e-05    , UTC+8, "[-0.0068, 0.009, 0.0908, 0.0439, -0.0286, 1.3486]" , "[-0.0051, -0.0076, -0.0068]"
1728824753113, BTC_USDT,   62693.8, -0.0068     ,   62693.8,    62716.1, 288537756, 1817680573.75802,     68987.7,     56444.4,      62490.2,     63460.3, 62693.7, 62693.8, 72092123, -431.1       , 2.7e-05    , UTC+8, "[-0.0068, 0.009, 0.0908, 0.0439, -0.0286, 1.3486]" , "[-0.0051, -0.0076, -0.0068]"
1728824756103, BTC_USDT,   62693.7, -0.0068     ,   62693.7,    62716.1, 288539049, 1817688679.49977,     68987.7,     56444.4,      62490.2,     63460.3, 62693.7, 62693.8, 72090840, -431.2       , 2.7e-05    , UTC+8, "[-0.0068, 0.009, 0.0908, 0.0439, -0.0286, 1.3486]" , "[-0.0051, -0.0076, -0.0068]"
1728824758109, BTC_USDT,   62693.7, -0.0068     ,   62693.8,    62716.1, 288539054, 1817688715.10983,     68987.7,     56444.4,      62490.2,     63460.3, 62693.7, 62693.8, 72090840, -431.2       , 2.7e-05    , UTC+8, "[-0.0068, 0.009, 0.0908, 0.0439, -0.0286, 1.3486]" , "[-0.0051, -0.0076, -0.0068]"
1728824760097, BTC_USDT,   62693.7, -0.0068     ,   62693.8,    62716.1, 288539301, 1817690264.14815,     68987.7,     56444.4,      62490.2,     63460.3, 62693.7, 62693.8, 72091094, -431.2       , 2.7e-05    , UTC+8, "[-0.0068, 0.009, 0.0908, 0.0439, -0.0286, 1.3486]" , "[-0.0051, -0.0076, -0.0068]"
1728824762094, BTC_USDT,   62693.8, -0.0068     ,   62693.8,    62716.0, 288542281, 1817708941.63212,     68987.6,     56444.4,      62490.2,     63460.3, 62693.7, 62693.8, 72090792, -431.1       , 2.7e-05    , UTC+8, "[-0.0068, 0.009, 0.0908, 0.0439, -0.0286, 1.3486]" , "[-0.0051, -0.0076, -0.0068]"
1728824764111, BTC_USDT,   62680.0, -0.007      ,   62683.4,    62711.6, 288550702, 1817761737.29956,     68982.7,     56440.4,      62490.2,     63460.3, 62680.0, 62680.1, 72108931, -444.9       , 2.8e-05    , UTC+8, "[-0.007, 0.0088, 0.0906, 0.0437, -0.0289, 1.3481]" , "[-0.0053, -0.0078, -0.007]"
1728824767105, BTC_USDT,   62680.0, -0.007      ,   62681.7,    62711.6, 288560113, 1817820725.76742,     68982.7,     56440.4,      62490.2,     63460.3, 62680.0, 62680.1, 72114030, -444.9       , 2.8e-05    , UTC+8, "[-0.007, 0.0088, 0.0906, 0.0437, -0.0289, 1.3481]" , "[-0.0053, -0.0078, -0.007]"
1728824769085, BTC_USDT,   62693.7, -0.0068     ,   62686.2,    62716.3, 288560884, 1817825559.24324,     68987.9,     56444.6,      62490.2,     63460.3, 62693.7, 62693.8, 72114427, -431.2       , 2.8e-05    , UTC+8, "[-0.0068, 0.009, 0.0908, 0.0439, -0.0286, 1.3486]" , "[-0.0051, -0.0076, -0.0068]"
1728824771105, BTC_USDT,   62689.1, -0.0069     ,   62689.1,    62715.9, 288563703, 1817843235.18558,     68987.4,     56444.3,      62490.2,     63460.3, 62689.0, 62689.1, 72120780, -435.8       , 2.8e-05    , UTC+8, "[-0.0069, 0.0089, 0.0907, 0.0438, -0.0287, 1.3485]", "[-0.0051, -0.0077, -0.0069]"
1728824773093, BTC_USDT,   62689.1, -0.0069     ,   62689.0,    62715.9, 288564602, 1817848865.59831,     68987.4,     56444.3,      62490.2,     63460.3, 62691.4, 62691.5, 72084547, -435.8       , 2.8e-05    , UTC+8, "[-0.0069, 0.0089, 0.0907, 0.0438, -0.0287, 1.3485]", "[-0.0051, -0.0077, -0.0069]"
1728824775102, BTC_USDT,   62703.6, -0.0066     ,   62695.5,    62720.5, 288596777, 1818050604.11453,     68992.5,     56448.4,      62490.2,     63460.3, 62703.6, 62703.7, 72095992, -421.3       , 2.8e-05    , UTC+8, "[-0.0066, 0.0092, 0.091, 0.0441, -0.0285, 1.349]"  , "[-0.0049, -0.0074, -0.0066]"
1728824778101, BTC_USDT,   62710.7, -0.0065     ,   62708.0,    62730.0, 288793471, 1819284023.3191 ,     69003.0,     56457.0,      62490.2,     63460.3, 62715.9, 62716.0, 72378030, -414.2       , 2.8e-05    , UTC+8, "[-0.0065, 0.0093, 0.0911, 0.0442, -0.0284, 1.3493]", "[-0.0048, -0.0073, -0.0065]"
1728824780113, BTC_USDT,   62715.8, -0.0064     ,   62715.8,    62738.3, 288846626, 1819617376.11666,     69012.1,     56464.4,      62490.2,     63460.3, 62715.7, 62715.8, 72378852, -409.1       , 2.8e-05    , UTC+8, "[-0.0064, 0.0094, 0.0912, 0.0443, -0.0283, 1.3495]", "[-0.0047, -0.0072, -0.0064]"
1728824782107, BTC_USDT,   62712.2, -0.0065     ,   62716.1,    62738.3, 288851241, 1819646323.00788,     69012.1,     56464.4,      62490.2,     63460.3, 62712.2, 62712.3, 72387753, -412.7       , 2.8e-05    , UTC+8, "[-0.0065, 0.0093, 0.0911, 0.0442, -0.0284, 1.3493]", "[-0.0048, -0.0073, -0.0065]"
1728824784117, BTC_USDT,   62712.2, -0.0065     ,   62712.3,    62738.3, 288866719, 1819743384.65069,     69012.1,     56464.4,      62490.2,     63460.3, 62712.2, 62712.3, 72388912, -412.7       , 2.8e-05    , UTC+8, "[-0.0065, 0.0093, 0.0911, 0.0442, -0.0284, 1.3493]", "[-0.0048, -0.0073, -0.0065]"
1728824786102, BTC_USDT,   62712.2, -0.0065     ,   62712.3,    62738.3, 288874022, 1819789183.81795,     69012.1,     56464.4,      62490.2,     63460.3, 62712.2, 62712.3, 72389019, -412.7       , 2.8e-05    , UTC+8, "[-0.0065, 0.0093, 0.0911, 0.0442, -0.0284, 1.3493]", "[-0.0048, -0.0073, -0.0065]"
1728824789104, BTC_USDT,   62710.0, -0.0065     ,   62710.0,    62738.2, 288878684, 1819818418.34741,     69012.0,     56464.3,      62490.2,     63460.3, 62710.0, 62710.1, 72400836, -414.9       , 2.8e-05    , UTC+8, "[-0.0065, 0.0093, 0.0911, 0.0442, -0.0284, 1.3492]", "[-0.0048, -0.0073, -0.0065]"
1728824791108, BTC_USDT,   62710.1, -0.0065     ,   62710.1,    62738.2, 288879418, 1819823026.59909,     69012.0,     56464.3,      62490.2,     63460.3, 62710.0, 62710.1, 72400491, -414.8       , 2.8e-05    , UTC+8, "[-0.0065, 0.0093, 0.0911, 0.0442, -0.0284, 1.3493]", "[-0.0048, -0.0073, -0.0065]"
1728824793106, BTC_USDT,   62710.1, -0.0065     ,   62710.0,    62738.2, 288879838, 1819825657.97354,     69012.0,     56464.3,      62490.2,     63460.3, 62710.0, 62710.1, 72299518, -414.8       , 2.8e-05    , UTC+8, "[-0.0065, 0.0093, 0.0911, 0.0442, -0.0284, 1.3493]", "[-0.0048, -0.0073, -0.0065]"
1728824795105, BTC_USDT,   62710.1, -0.0065     ,   62710.1,    62738.2, 288883901, 1819851134.70418,     69012.0,     56464.3,      62490.2,     63460.3, 62710.0, 62710.1, 72306361, -414.8       , 2.8e-05    , UTC+8, "[-0.0065, 0.0093, 0.0911, 0.0442, -0.0284, 1.3493]", "[-0.0048, -0.0073, -0.0065]"
1728824798101, BTC_USDT,   62710.0, -0.0065     ,   62710.1,    62738.2, 288887280, 1819872323.75635,     69012.0,     56464.3,      62490.2,     63460.3, 62710.0, 62710.1, 72309742, -414.9       , 2.8e-05    , UTC+8, "[-0.0065, 0.0093, 0.0911, 0.0442, -0.0284, 1.3492]", "[-0.0048, -0.0073, -0.0065]"
1728824800108, BTC_USDT,   62710.0, -0.0065     ,   62710.1,    62738.2, 288893315, 1819910169.2484 ,     69012.0,     56464.3,      62490.2,     63460.3, 62710.0, 62710.1, 72317593, -414.9       , 2.8e-05    , UTC+8, "[-0.0065, 0.0093, 0.0911, 0.0442, -0.0284, 1.3492]", "[-0.0048, -0.0073, -0.0065]"
1728824802109, BTC_USDT,   62710.1, -0.0065     ,   62710.1,    62738.2, 288893430, 1819910890.53996,     69012.0,     56464.3,      62490.2,     63460.3, 62710.0, 62710.1, 72316097, -414.8       , 2.8e-05    , UTC+8, "[-0.0065, 0.0093, 0.0911, 0.0442, -0.0284, 1.3493]", "[-0.0048, -0.0073, -0.0065]"
1728824804106, BTC_USDT,   62710.0, -0.0065     ,   62710.0,    62738.2, 288894610, 1819918290.44554,     69012.0,     56464.3,      62490.2,     63460.3, 62710.0, 62710.1, 72320454, -414.9       , 2.8e-05    , UTC+8, "[-0.0065, 0.0093, 0.0911, 0.0442, -0.0284, 1.3492]", "[-0.0048, -0.0073, -0.0065]"
1728824806132, BTC_USDT,   62710.0, -0.0065     ,   62710.0,    62738.2, 288894930, 1819920302.93505,     69012.0,     56464.3,      62490.2,     63460.3, 62710.0, 62710.1, 72321102, -414.9       , 2.8e-05    , UTC+8, "[-0.0065, 0.0093, 0.0911, 0.0442, -0.0284, 1.3492]", "[-0.0048, -0.0073, -0.0065]"
1728824809112, BTC_USDT,   62710.1, -0.0065     ,   62710.1,    62738.2, 288899892, 1819951416.37633,     69012.0,     56464.3,      62490.2,     63460.3, 62711.8, 62712.3, 72330512, -414.8       , 2.8e-05    , UTC+8, "[-0.0065, 0.0093, 0.0911, 0.0442, -0.0284, 1.3493]", "[-0.0048, -0.0073, -0.0065]"
1728824811104, BTC_USDT,   62714.9, -0.0064     ,   62713.0,    62738.3, 289148240, 1821508838.98016,     69012.1,     56464.4,      62490.2,     63460.3, 62714.9, 62715.0, 72337680, -410.0       , 2.8e-05    , UTC+8, "[-0.0064, 0.0093, 0.0912, 0.0443, -0.0283, 1.3494]", "[-0.0047, -0.0072, -0.0064]"
1728824813106, BTC_USDT,   62714.9, -0.0064     ,   62714.9,    62738.3, 289149649, 1821517673.2629 ,     69012.1,     56464.4,      62490.2,     63460.3, 62714.9, 62715.0, 71752619, -410.0       , 2.8e-05    , UTC+8, "[-0.0064, 0.0093, 0.0912, 0.0443, -0.0283, 1.3494]", "[-0.0047, -0.0072, -0.0064]"
1728824815108, BTC_USDT,   62715.0, -0.0064     ,   62714.9,    62738.3, 289157880, 1821569298.61306,     69012.1,     56464.4,      62490.2,     63460.3, 62714.9, 62715.0, 71752409, -409.9       , 2.8e-05    , UTC+8, "[-0.0064, 0.0093, 0.0912, 0.0443, -0.0283, 1.3494]", "[-0.0047, -0.0072, -0.0064]"
1728824817108, BTC_USDT,   62715.0, -0.0064     ,   62715.0,    62738.3, 289158975, 1821576164.77665,     69012.1,     56464.4,      62490.2,     63460.3, 62714.9, 62715.0, 71751347, -409.9       , 2.8e-05    , UTC+8, "[-0.0064, 0.0093, 0.0912, 0.0443, -0.0283, 1.3494]", "[-0.0047, -0.0072, -0.0064]"
1728824820100, BTC_USDT,   62714.9, -0.0064     ,   62715.0,    62738.3, 289164140, 1821608558.62589,     69012.1,     56464.4,      62490.2,     63460.3, 62714.9, 62715.0, 71758265, -410.0       , 2.8e-05    , UTC+8, "[-0.0064, 0.0093, 0.0912, 0.0443, -0.0283, 1.3494]", "[-0.0047, -0.0072, -0.0064]"
1728824822101, BTC_USDT,   62740.2, -0.006      ,   62732.5,    62760.6, 289390740, 1823030069.57208,     69036.6,     56484.5,      62490.2,     63460.3, 62745.9, 62746.0, 72064014, -384.7       , 2.8e-05    , UTC+8, "[-0.006, 0.0097, 0.0916, 0.0447, -0.0279, 1.3504]" , "[-0.0043, -0.0068, -0.006]"
1728824824101, BTC_USDT,   62739.1, -0.0061     ,   62732.8,    62760.9, 289421455, 1823222791.77725,     69036.9,     56484.8,      62490.2,     63460.3, 62739.1, 62739.2, 72069755, -385.8       , 2.8e-05    , UTC+8, "[-0.0061, 0.0097, 0.0916, 0.0447, -0.0279, 1.3503]", "[-0.0043, -0.0069, -0.0061]"
1728824826096, BTC_USDT,   62733.9, -0.0061     ,   62734.0,    62760.7, 289424422, 1823241405.98723,     69036.7,     56484.6,      62490.2,     63460.3, 62733.9, 62734.0, 72072451, -391.0       , 2.8e-05    , UTC+8, "[-0.0061, 0.0096, 0.0915, 0.0446, -0.028, 1.3501]" , "[-0.0044, -0.0069, -0.0061]"
1728824829103, BTC_USDT,   62731.3, -0.0062     ,   62734.0,    62760.6, 289433095, 1823295812.02376,     69036.6,     56484.5,      62490.2,     63460.3, 62731.2, 62731.3, 72083808, -393.6       , 2.8e-05    , UTC+8, "[-0.0062, 0.0096, 0.0915, 0.0445, -0.0281, 1.35]"  , "[-0.0045, -0.007, -0.0062]"
1728824831102, BTC_USDT,   62729.2, -0.0062     ,   62732.4,    62760.5, 289434656, 1823305606.13236,     69036.5,     56484.4,      62490.2,     63460.3, 62726.5, 62726.6, 72082772, -395.7       , 2.8e-05    , UTC+8, "[-0.0062, 0.0096, 0.0914, 0.0445, -0.0281, 1.35]"  , "[-0.0045, -0.007, -0.0062]"
1728824833096, BTC_USDT,   62721.0, -0.0063     ,   62729.0,    62753.5, 289458913, 1823457755.51022,     69028.8,     56478.1,      62490.2,     63460.3, 62721.0, 62721.1, 72133363, -403.9       , 2.8e-05    , UTC+8, "[-0.0063, 0.0094, 0.0913, 0.0444, -0.0282, 1.3497]", "[-0.0046, -0.0072, -0.0063]"
1728824835116, BTC_USDT,   62721.0, -0.0063     ,   62725.2,    62753.2, 289470760, 1823532065.91401,     69028.5,     56477.8,      62490.2,     63460.3, 62721.0, 62721.1, 71660136, -403.9       , 2.8e-05    , UTC+8, "[-0.0063, 0.0094, 0.0913, 0.0444, -0.0282, 1.3497]", "[-0.0046, -0.0072, -0.0063]"
1728824837125, BTC_USDT,   62717.7, -0.0064     ,   62721.0,    62748.1, 289470879, 1823532809.55961,     69022.9,     56473.2,      62490.2,     63460.3, 62717.0, 62717.1, 71658656, -407.2       , 2.8e-05    , UTC+8, "[-0.0064, 0.0094, 0.0912, 0.0443, -0.0283, 1.3495]", "[-0.0047, -0.0072, -0.0064]"
1728824840092, BTC_USDT,   62717.0, -0.0064     ,   62719.8,    62748.0, 289471905, 1823539244.00793,     69022.8,     56473.2,      62490.2,     63460.3, 62716.9, 62717.0, 71659952, -407.9       , 2.8e-05    , UTC+8, "[-0.0064, 0.0094, 0.0912, 0.0443, -0.0283, 1.3495]", "[-0.0047, -0.0072, -0.0064]"
1728824842102, BTC_USDT,   62717.0, -0.0064     ,   62719.8,    62748.0, 289473506, 1823549285.29721,     69022.8,     56473.2,      62490.2,     63460.3, 62716.9, 62717.0, 71663596, -407.9       , 2.8e-05    , UTC+8, "[-0.0064, 0.0094, 0.0912, 0.0443, -0.0283, 1.3495]", "[-0.0047, -0.0072, -0.0064]"
1728824844106, BTC_USDT,   62716.9, -0.0064     ,   62719.8,    62748.0, 289473527, 1823549418.88421,     69022.8,     56473.2,      62490.2,     63460.3, 62716.9, 62717.0, 71663627, -408.0       , 2.8e-05    , UTC+8, "[-0.0064, 0.0094, 0.0912, 0.0443, -0.0283, 1.3495]", "[-0.0047, -0.0072, -0.0064]"
1728824846100, BTC_USDT,   62717.0, -0.0064     ,   62719.8,    62748.0, 289475295, 1823560506.62215,     69022.8,     56473.2,      62490.2,     63460.3, 62716.9, 62717.0, 71665555, -407.9       , 2.8e-05    , UTC+8, "[-0.0064, 0.0094, 0.0912, 0.0443, -0.0283, 1.3495]", "[-0.0047, -0.0072, -0.0064]"
1728824849100, BTC_USDT,   62711.4, -0.0065     ,   62714.4,    62742.5, 289480907, 1823595701.40813,     69016.7,     56468.2,      62490.2,     63460.3, 62711.4, 62711.5, 71676203, -413.5       , 2.8e-05    , UTC+8, "[-0.0065, 0.0093, 0.0911, 0.0442, -0.0284, 1.3493]", "[-0.0048, -0.0073, -0.0065]"
1728824851099, BTC_USDT,   62710.0, -0.0065     ,   62711.4,    62739.4, 289481638, 1823600283.03742,     69013.3,     56465.4,      62490.2,     63460.3, 62706.4, 62706.5, 71675054, -414.9       , 2.8e-05    , UTC+8, "[-0.0065, 0.0093, 0.0911, 0.0442, -0.0284, 1.3492]", "[-0.0048, -0.0073, -0.0065]"
1728824853095, BTC_USDT,   62706.0, -0.0066     ,   62709.4,    62737.5, 289482345, 1823604717.45939,     69011.2,     56463.7,      62490.2,     63460.3, 62706.0, 62706.1, 71675760, -418.9       , 2.8e-05    , UTC+8, "[-0.0066, 0.0092, 0.091, 0.0441, -0.0285, 1.3491]" , "[-0.0049, -0.0074, -0.0066]"
1728824855108, BTC_USDT,   62706.0, -0.0066     ,   62709.4,    62737.5, 289484952, 1823621065.66934,     69011.2,     56463.7,      62490.2,     63460.3, 62706.0, 62706.1, 71678915, -418.9       , 2.8e-05    , UTC+8, "[-0.0066, 0.0092, 0.091, 0.0441, -0.0285, 1.3491]" , "[-0.0049, -0.0074, -0.0066]"
1728824857110, BTC_USDT,   62706.1, -0.0066     ,   62709.3,    62737.4, 289486021, 1823627770.581  ,     69011.1,     56463.6,      62490.2,     63460.3, 62706.0, 62706.1, 71657112, -418.8       , 2.8e-05    , UTC+8, "[-0.0066, 0.0092, 0.091, 0.0441, -0.0285, 1.3491]" , "[-0.0049, -0.0074, -0.0066]"
1728824860103, BTC_USDT,   62706.1, -0.0066     ,   62709.3,    62737.4, 289486184, 1823628790.11801,     69011.1,     56463.6,      62490.2,     63460.3, 62706.0, 62706.1, 71657112, -418.8       , 2.8e-05    , UTC+8, "[-0.0066, 0.0092, 0.091, 0.0441, -0.0285, 1.3491]" , "[-0.0049, -0.0074, -0.0066]"
1728824862106, BTC_USDT,   62706.0, -0.0066     ,   62709.3,    62737.4, 289486295, 1823629489.10276,     69011.1,     56463.6,      62490.2,     63460.3, 62706.0, 62706.1, 71655590, -418.9       , 2.8e-05    , UTC+8, "[-0.0066, 0.0092, 0.091, 0.0441, -0.0285, 1.3491]" , "[-0.0049, -0.0074, -0.0066]"
1728824864100, BTC_USDT,   62706.0, -0.0066     ,   62709.4,    62737.4, 289520123, 1823841610.97165,     69011.1,     56463.6,      62490.2,     63460.3, 62706.0, 62706.1, 71726300, -418.9       , 2.8e-05    , UTC+8, "[-0.0066, 0.0092, 0.091, 0.0441, -0.0285, 1.3491]" , "[-0.0049, -0.0074, -0.0066]"
1728824866113, BTC_USDT,   62706.0, -0.0066     ,   62709.4,    62737.4, 289520276, 1823842572.631  ,     69011.1,     56463.6,      62490.2,     63460.3, 62706.0, 62706.1, 71728337, -418.9       , 2.8e-05    , UTC+8, "[-0.0066, 0.0092, 0.091, 0.0441, -0.0285, 1.3491]" , "[-0.0049, -0.0074, -0.0066]"
1728824868122, BTC_USDT,   62706.0, -0.0066     ,   62709.4,    62737.4, 289522438, 1823856124.90691,     69011.1,     56463.6,      62490.2,     63460.3, 62706.0, 62706.1, 71732209, -418.9       , 2.8e-05    , UTC+8, "[-0.0066, 0.0092, 0.091, 0.0441, -0.0285, 1.3491]" , "[-0.0049, -0.0074, -0.0066]"
1728824871100, BTC_USDT,   62706.1, -0.0066     ,   62709.4,    62737.4, 289526718, 1823882962.33555,     69011.1,     56463.6,      62490.2,     63460.3, 62706.0, 62706.1, 71738673, -418.8       , 2.8e-05    , UTC+8, "[-0.0066, 0.0092, 0.091, 0.0441, -0.0285, 1.3491]" , "[-0.0049, -0.0074, -0.0066]"
1728824873098, BTC_USDT,   62706.0, -0.0066     ,   62709.4,    62737.4, 289526985, 1823884640.78817,     69011.1,     56463.6,      62490.2,     63460.3, 62706.0, 62706.1, 71740086, -418.9       , 2.8e-05    , UTC+8, "[-0.0066, 0.0092, 0.091, 0.0441, -0.0285, 1.3491]" , "[-0.0049, -0.0074, -0.0066]"
1728824875104, BTC_USDT,   62706.0, -0.0066     ,   62709.5,    62737.4, 289531226, 1823911233.34136,     69011.1,     56463.6,      62490.2,     63460.3, 62706.0, 62706.1, 71747800, -418.9       , 2.8e-05    , UTC+8, "[-0.0066, 0.0092, 0.091, 0.0441, -0.0285, 1.3491]" , "[-0.0049, -0.0074, -0.0066]"
1728824877104, BTC_USDT,   62706.0, -0.0066     ,   62709.5,    62737.4, 289532039, 1823916331.02567,     69011.1,     56463.6,      62490.2,     63460.3, 62706.0, 62706.1, 71746347, -418.9       , 2.8e-05    , UTC+8, "[-0.0066, 0.0092, 0.091, 0.0441, -0.0285, 1.3491]" , "[-0.0049, -0.0074, -0.0066]"
1728824880109, BTC_USDT,   62706.1, -0.0066     ,   62709.6,    62737.5, 289532601, 1823919857.10997,     69011.2,     56463.7,      62490.2,     63460.3, 62706.0, 62706.1, 71748035, -418.8       , 2.8e-05    , UTC+8, "[-0.0066, 0.0092, 0.091, 0.0441, -0.0285, 1.3491]" , "[-0.0049, -0.0074, -0.0066]"
1728824882090, BTC_USDT,   62706.1, -0.0066     ,   62709.7,    62737.6, 289532623, 1823919995.12593,     69011.3,     56463.8,      62490.2,     63460.3, 62706.0, 62706.1, 71746299, -418.8       , 2.9e-05    , UTC+8, "[-0.0066, 0.0092, 0.091, 0.0441, -0.0285, 1.3491]" , "[-0.0049, -0.0074, -0.0066]"
1728824884098, BTC_USDT,   62706.0, -0.0066     ,   62709.8,    62737.6, 289532748, 1823920778.70114,     69011.3,     56463.8,      62490.2,     63460.3, 62706.0, 62706.1, 71748262, -418.9       , 2.9e-05    , UTC+8, "[-0.0066, 0.0092, 0.091, 0.0441, -0.0285, 1.3491]" , "[-0.0049, -0.0074, -0.0066]"
1728824886094, BTC_USDT,   62706.0, -0.0066     ,   62709.9,    62737.7, 289549051, 1824023008.41986,     69011.4,     56463.9,      62490.2,     63460.3, 62706.0, 62706.1, 71768662, -418.9       , 2.9e-05    , UTC+8, "[-0.0066, 0.0092, 0.091, 0.0441, -0.0285, 1.3491]" , "[-0.0049, -0.0074, -0.0066]"
1728824888091, BTC_USDT,   62706.0, -0.0066     ,   62709.9,    62737.7, 289549080, 1824023186.50515,     69011.4,     56463.9,      62490.2,     63460.3, 62706.0, 62706.1, 71766928, -418.9       , 2.9e-05    , UTC+8, "[-0.0066, 0.0092, 0.091, 0.0441, -0.0285, 1.3491]" , "[-0.0049, -0.0074, -0.0066]"
1728824891091, BTC_USDT,   62706.1, -0.0066     ,   62709.8,    62737.7, 289549964, 1824028729.40215,     69011.4,     56463.9,      62490.2,     63460.3, 62706.0, 62706.1, 71768668, -418.8       , 2.9e-05    , UTC+8, "[-0.0066, 0.0092, 0.091, 0.0441, -0.0285, 1.3491]" , "[-0.0049, -0.0074, -0.0066]"
1728824893097, BTC_USDT,   62706.0, -0.0066     ,   62709.9,    62737.7, 289550003, 1824028978.72131,     69011.4,     56463.9,      62490.2,     63460.3, 62706.0, 62706.1, 71708820, -418.9       , 2.9e-05    , UTC+8, "[-0.0066, 0.0092, 0.091, 0.0441, -0.0285, 1.3491]" , "[-0.0049, -0.0074, -0.0066]"
1728824895104, BTC_USDT,   62706.1, -0.0066     ,   62709.6,    62737.5, 289550349, 1824031142.45791,     69011.2,     56463.7,      62490.2,     63460.3, 62706.0, 62706.1, 71708820, -418.8       , 2.9e-05    , UTC+8, "[-0.0066, 0.0092, 0.091, 0.0441, -0.0285, 1.3491]" , "[-0.0049, -0.0074, -0.0066]"
1728824897102, BTC_USDT,   62706.1, -0.0066     ,   62709.7,    62737.6, 289550361, 1824031222.59622,     69011.3,     56463.8,      62490.2,     63460.3, 62706.0, 62706.1, 71725459, -418.8       , 2.9e-05    , UTC+8, "[-0.0066, 0.0092, 0.091, 0.0441, -0.0285, 1.3491]" , "[-0.0049, -0.0074, -0.0066]"
1728824899105, BTC_USDT,   62706.1, -0.0066     ,   62709.7,    62737.6, 289583933, 1824241737.18876,     69011.3,     56463.8,      62490.2,     63460.3, 62706.0, 62706.1, 71723672, -418.8       , 2.9e-05    , UTC+8, "[-0.0066, 0.0092, 0.091, 0.0441, -0.0285, 1.3491]" , "[-0.0049, -0.0074, -0.0066]"
1728824902087, BTC_USDT,   62716.0, -0.0064     ,   62710.0,    62737.9, 289591277, 1824287794.19617,     69011.6,     56464.1,      62490.2,     63460.3, 62716.8, 62716.9, 71739276, -408.9       , 2.9e-05    , UTC+8, "[-0.0064, 0.0094, 0.0912, 0.0443, -0.0283, 1.3495]", "[-0.0047, -0.0072, -0.0064]"
1728824904100, BTC_USDT,   62718.0, -0.0064     ,   62718.0,    62743.3, 289593438, 1824301348.96024,     69017.6,     56468.9,      62490.2,     63460.3, 62717.9, 62718.0, 71742219, -406.9       , 2.9e-05    , UTC+8, "[-0.0064, 0.0094, 0.0912, 0.0443, -0.0283, 1.3495]", "[-0.0047, -0.0072, -0.0064]"
1728824906127, BTC_USDT,   62718.0, -0.0064     ,   62718.0,    62743.3, 289598506, 1824333129.86416,     69017.6,     56468.9,      62490.2,     63460.3, 62717.9, 62718.0, 71755083, -406.9       , 2.9e-05    , UTC+8, "[-0.0064, 0.0094, 0.0912, 0.0443, -0.0283, 1.3495]", "[-0.0047, -0.0072, -0.0064]"
1728824908093, BTC_USDT,   62718.0, -0.0064     ,   62718.0,    62743.3, 289600394, 1824344970.3326 ,     69017.6,     56468.9,      62490.2,     63460.3, 62717.9, 62718.0, 71755083, -406.9       , 2.9e-05    , UTC+8, "[-0.0064, 0.0094, 0.0912, 0.0443, -0.0283, 1.3495]", "[-0.0047, -0.0072, -0.0064]"
1728824911097, BTC_USDT,   62717.9, -0.0064     ,   62718.0,    62743.3, 289600424, 1824345161.81064,     69017.6,     56468.9,      62490.2,     63460.3, 62717.9, 62718.0, 71755108, -407.0       , 2.9e-05    , UTC+8, "[-0.0064, 0.0094, 0.0912, 0.0443, -0.0283, 1.3495]", "[-0.0047, -0.0072, -0.0064]"
1728824913105, BTC_USDT,   62717.9, -0.0064     ,   62718.0,    62743.3, 289600731, 1824347085.49636,     69017.6,     56468.9,      62490.2,     63460.3, 62717.9, 62718.0, 71718870, -407.0       , 2.9e-05    , UTC+8, "[-0.0064, 0.0094, 0.0912, 0.0443, -0.0283, 1.3495]", "[-0.0047, -0.0072, -0.0064]"
1728824915113, BTC_USDT,   62719.4, -0.0064     ,   62719.3,    62743.5, 289741405, 1825229384.63582,     69017.8,     56469.1,      62490.2,     63460.3, 62719.3, 62719.4, 71779744, -405.5       , 2.9e-05    , UTC+8, "[-0.0064, 0.0094, 0.0912, 0.0443, -0.0282, 1.3496]", "[-0.0047, -0.0072, -0.0064]"
1728824917104, BTC_USDT,   62719.4, -0.0064     ,   62719.4,    62743.5, 289741595, 1825230573.60569,     69017.8,     56469.1,      62490.2,     63460.3, 62719.3, 62719.4, 71780153, -405.5       , 2.9e-05    , UTC+8, "[-0.0064, 0.0094, 0.0912, 0.0443, -0.0282, 1.3496]", "[-0.0047, -0.0072, -0.0064]"
1728824919100, BTC_USDT,   62719.4, -0.0064     ,   62719.4,    62743.5, 289741608, 1825230658.21404,     69017.8,     56469.1,      62490.2,     63460.3, 62719.3, 62719.4, 71780153, -405.5       , 2.9e-05    , UTC+8, "[-0.0064, 0.0094, 0.0912, 0.0443, -0.0282, 1.3496]", "[-0.0047, -0.0072, -0.0064]"
1728824922105, BTC_USDT,   62717.5, -0.0064     ,   62719.3,    62743.1, 289748080, 1825271247.81806,     69017.4,     56468.7,      62490.2,     63460.3, 62717.4, 62717.5, 71781320, -407.4       , 2.9e-05    , UTC+8, "[-0.0064, 0.0094, 0.0912, 0.0443, -0.0283, 1.3495]", "[-0.0047, -0.0072, -0.0064]"
1728824924104, BTC_USDT,   62717.5, -0.0064     ,   62717.5,    62743.1, 289748089, 1825271301.25336,     69017.4,     56468.7,      62490.2,     63460.3, 62717.4, 62717.5, 71781320, -407.4       , 2.9e-05    , UTC+8, "[-0.0064, 0.0094, 0.0912, 0.0443, -0.0283, 1.3495]", "[-0.0047, -0.0072, -0.0064]"
1728824926104, BTC_USDT,   62717.5, -0.0064     ,   62717.5,    62743.1, 289761146, 1825353195.30792,     69017.4,     56468.7,      62490.2,     63460.3, 62717.4, 62717.5, 71808048, -407.4       , 2.9e-05    , UTC+8, "[-0.0064, 0.0094, 0.0912, 0.0443, -0.0283, 1.3495]", "[-0.0047, -0.0072, -0.0064]"
1728824928097, BTC_USDT,   62717.4, -0.0064     ,   62717.5,    62743.1, 289762085, 1825359082.09461,     69017.4,     56468.7,      62490.2,     63460.3, 62717.4, 62717.5, 71818822, -407.5       , 2.9e-05    , UTC+8, "[-0.0064, 0.0094, 0.0912, 0.0443, -0.0283, 1.3495]", "[-0.0047, -0.0072, -0.0064]"
1728824930110, BTC_USDT,   62717.4, -0.0064     ,   62717.5,    62743.3, 289766105, 1825384294.61493,     69017.6,     56468.9,      62490.2,     63460.3, 62717.4, 62717.5, 71820572, -407.5       , 2.9e-05    , UTC+8, "[-0.0064, 0.0094, 0.0912, 0.0443, -0.0283, 1.3495]", "[-0.0047, -0.0072, -0.0064]"
1728824933109, BTC_USDT,   62717.4, -0.0064     ,   62717.4,    62743.3, 289769542, 1825405851.30723,     69017.6,     56468.9,      62490.2,     63460.3, 62717.4, 62717.5, 71828118, -407.5       , 2.9e-05    , UTC+8, "[-0.0064, 0.0094, 0.0912, 0.0443, -0.0283, 1.3495]", "[-0.0047, -0.0072, -0.0064]"
1728824935121, BTC_USDT,   62714.7, -0.0064     ,   62717.5,    62743.2, 289771741, 1825419642.06928,     69017.5,     56468.8,      62490.2,     63460.3, 62714.7, 62714.8, 71554569, -410.2       , 2.9e-05    , UTC+8, "[-0.0064, 0.0093, 0.0912, 0.0443, -0.0283, 1.3494]", "[-0.0047, -0.0073, -0.0064]"
1728824937106, BTC_USDT,   62710.4, -0.0065     ,   62715.2,    62742.7, 289774521, 1825437077.84055,     69016.9,     56468.4,      62490.2,     63460.3, 62710.4, 62710.5, 71555435, -414.5       , 2.9e-05    , UTC+8, "[-0.0065, 0.0093, 0.0911, 0.0442, -0.0284, 1.3493]", "[-0.0048, -0.0073, -0.0065]"
1728824939102, BTC_USDT,   62710.0, -0.0065     ,   62715.2,    62742.7, 289774762, 1825438587.20817,     69016.9,     56468.4,      62490.2,     63460.3, 62710.0, 62710.1, 71555971, -414.9       , 2.9e-05    , UTC+8, "[-0.0065, 0.0093, 0.0911, 0.0442, -0.0284, 1.3492]", "[-0.0048, -0.0073, -0.0065]"
1728824942093, BTC_USDT,   62710.0, -0.0065     ,   62715.2,    62742.7, 289775458, 1825442955.02376,     69016.9,     56468.4,      62490.2,     63460.3, 62710.0, 62710.1, 71558958, -414.9       , 2.9e-05    , UTC+8, "[-0.0065, 0.0093, 0.0911, 0.0442, -0.0284, 1.3492]", "[-0.0048, -0.0073, -0.0065]"
1728824944106, BTC_USDT,   62710.0, -0.0065     ,   62715.4,    62742.9, 289777617, 1825456490.35714,     69017.1,     56468.6,      62490.2,     63460.3, 62710.0, 62710.1, 71557817, -414.9       , 2.9e-05    , UTC+8, "[-0.0065, 0.0093, 0.0911, 0.0442, -0.0284, 1.3492]", "[-0.0048, -0.0073, -0.0065]"
1728824946110, BTC_USDT,   62710.0, -0.0065     ,   62715.3,    62742.9, 289777675, 1825456855.45529,     69017.1,     56468.6,      62490.2,     63460.3, 62710.0, 62710.1, 71557825, -414.9       , 2.9e-05    , UTC+8, "[-0.0065, 0.0093, 0.0911, 0.0442, -0.0284, 1.3492]", "[-0.0048, -0.0073, -0.0065]"
1728824948100, BTC_USDT,   62710.0, -0.0065     ,   62715.3,    62742.9, 289777918, 1825458382.63425,     69017.1,     56468.6,      62490.2,     63460.3, 62710.0, 62710.1, 71560112, -414.9       , 2.9e-05    , UTC+8, "[-0.0065, 0.0093, 0.0911, 0.0442, -0.0284, 1.3492]", "[-0.0048, -0.0073, -0.0065]"
1728824950104, BTC_USDT,   62715.7, -0.0064     ,   62715.5,    62743.1, 289778215, 1825460243.79713,     69017.4,     56468.7,      62490.2,     63460.3, 62715.7, 62715.8, 71560459, -409.2       , 2.9e-05    , UTC+8, "[-0.0064, 0.0094, 0.0912, 0.0443, -0.0283, 1.3495]", "[-0.0047, -0.0072, -0.0064]"
1728824953086, BTC_USDT,   62715.7, -0.0064     ,   62715.8,    62743.2, 289778299, 1825460769.22932,     69017.5,     56468.8,      62490.2,     63460.3, 62715.7, 62715.8, 71558876, -409.2       , 2.9e-05    , UTC+8, "[-0.0064, 0.0094, 0.0912, 0.0443, -0.0283, 1.3495]", "[-0.0047, -0.0072, -0.0064]"
1728824955113, BTC_USDT,   62716.5, -0.0064     ,   62716.4,    62743.2, 289788595, 1825525340.11766,     69017.5,     56468.8,      62490.2,     63460.3, 62716.4, 62716.5, 71549872, -408.4       , 2.9e-05    , UTC+8, "[-0.0064, 0.0094, 0.0912, 0.0443, -0.0283, 1.3495]", "[-0.0047, -0.0072, -0.0064]"
1728824957107, BTC_USDT,   62717.5, -0.0064     ,   62716.8,    62743.2, 289789644, 1825531921.52259,     69017.5,     56468.8,      62490.2,     63460.3, 62717.4, 62717.5, 71550667, -407.4       , 2.9e-05    , UTC+8, "[-0.0064, 0.0094, 0.0912, 0.0443, -0.0283, 1.3495]", "[-0.0047, -0.0072, -0.0064]"
1728824959102, BTC_USDT,   62717.4, -0.0064     ,   62717.5,    62743.2, 289803772, 1825620526.17245,     69017.5,     56468.8,      62490.2,     63460.3, 62717.4, 62717.5, 71582502, -407.5       , 2.9e-05    , UTC+8, "[-0.0064, 0.0094, 0.0912, 0.0443, -0.0283, 1.3495]", "[-0.0047, -0.0072, -0.0064]"
1728824962105, BTC_USDT,   62717.4, -0.0064     ,   62717.5,    62743.4, 289809004, 1825653339.86282,     69017.7,     56469.0,      62490.2,     63460.3, 62717.4, 62717.5, 71595428, -407.5       , 2.9e-05    , UTC+8, "[-0.0064, 0.0094, 0.0912, 0.0443, -0.0283, 1.3495]", "[-0.0047, -0.0072, -0.0064]"
1728824964107, BTC_USDT,   62717.5, -0.0064     ,   62717.5,    62743.4, 289817056, 1825703845.13665,     69017.7,     56469.0,      62490.2,     63460.3, 62717.4, 62717.5, 71594065, -407.4       , 2.9e-05    , UTC+8, "[-0.0064, 0.0094, 0.0912, 0.0443, -0.0283, 1.3495]", "[-0.0047, -0.0072, -0.0064]"
1728824966100, BTC_USDT,   62717.4, -0.0064     ,   62717.5,    62743.0, 289820280, 1825724061.46349,     69017.3,     56468.7,      62490.2,     63460.3, 62711.8, 62711.9, 71601299, -407.5       , 2.9e-05    , UTC+8, "[-0.0064, 0.0094, 0.0912, 0.0443, -0.0283, 1.3495]", "[-0.0047, -0.0072, -0.0064]"
1728824968090, BTC_USDT,   62711.9, -0.0065     ,   62715.4,    62743.0, 289820611, 1825726140.80195,     69017.3,     56468.7,      62490.2,     63460.3, 62711.7, 62711.8, 71601337, -413.0       , 2.9e-05    , UTC+8, "[-0.0065, 0.0093, 0.0911, 0.0442, -0.0284, 1.3493]", "[-0.0048, -0.0073, -0.0065]"
1728824970104, BTC_USDT,   62711.8, -0.0065     ,   62715.3,    62743.0, 289820624, 1825726220.94756,     69017.3,     56468.7,      62490.2,     63460.3, 62711.7, 62711.8, 71603078, -413.1       , 2.9e-05    , UTC+8, "[-0.0065, 0.0093, 0.0911, 0.0442, -0.0284, 1.3493]", "[-0.0048, -0.0073, -0.0065]"
1728824973106, BTC_USDT,   62711.7, -0.0065     ,   62715.3,    62743.0, 289820641, 1825726327.80839,     69017.3,     56468.7,      62490.2,     63460.3, 62711.7, 62711.8, 71603089, -413.2       , 2.9e-05    , UTC+8, "[-0.0065, 0.0093, 0.0911, 0.0442, -0.0284, 1.3493]", "[-0.0048, -0.0073, -0.0065]"
1728824975107, BTC_USDT,   62711.7, -0.0065     ,   62715.0,    62742.8, 289820653, 1825726399.04897,     69017.0,     56468.5,      62490.2,     63460.3, 62711.7, 62711.8, 71603089, -413.2       , 2.9e-05    , UTC+8, "[-0.0065, 0.0093, 0.0911, 0.0442, -0.0284, 1.3493]", "[-0.0048, -0.0073, -0.0065]"
1728824977103, BTC_USDT,   62711.7, -0.0065     ,   62715.0,    62742.8, 289820823, 1825727467.6572 ,     69017.0,     56468.5,      62490.2,     63460.3, 62711.7, 62711.8, 71601558, -413.2       , 2.9e-05    , UTC+8, "[-0.0065, 0.0093, 0.0911, 0.0442, -0.0284, 1.3493]", "[-0.0048, -0.0073, -0.0065]"
1728824979107, BTC_USDT,   62711.7, -0.0065     ,   62715.0,    62742.8, 289820837, 1825727552.25535,     69017.0,     56468.5,      62490.2,     63460.3, 62711.7, 62711.8, 71601558, -413.2       , 2.9e-05    , UTC+8, "[-0.0065, 0.0093, 0.0911, 0.0442, -0.0284, 1.3493]", "[-0.0048, -0.0073, -0.0065]"
1728824981111, BTC_USDT,   62711.7, -0.0065     ,   62714.9,    62742.8, 289820846, 1825727610.13828,     69017.0,     56468.5,      62490.2,     63460.3, 62711.7, 62711.8, 71603299, -413.2       , 2.9e-05    , UTC+8, "[-0.0065, 0.0093, 0.0911, 0.0442, -0.0284, 1.3493]", "[-0.0048, -0.0073, -0.0065]"
1728824984100, BTC_USDT,   62711.1, -0.0065     ,   62714.9,    62742.8, 289823314, 1825743091.53205,     69017.0,     56468.5,      62490.2,     63460.3, 62710.0, 62710.1, 71608846, -413.8       , 2.9e-05    , UTC+8, "[-0.0065, 0.0093, 0.0911, 0.0442, -0.0284, 1.3493]", "[-0.0048, -0.0073, -0.0065]"
1728824986107, BTC_USDT,   62710.0, -0.0065     ,   62710.1,    62738.0, 289825575, 1825757268.01763,     69011.8,     56464.2,      62490.2,     63460.3, 62710.0, 62710.1, 71613923, -414.9       , 2.9e-05    , UTC+8, "[-0.0065, 0.0093, 0.0911, 0.0442, -0.0284, 1.3492]", "[-0.0048, -0.0073, -0.0065]"
1728824988101, BTC_USDT,   62709.1, -0.0065     ,   62710.0,    62738.0, 289829653, 1825782838.10208,     69011.8,     56464.2,      62490.2,     63460.3, 62709.1, 62709.2, 71622376, -415.8       , 2.9e-05    , UTC+8, "[-0.0065, 0.0092, 0.0911, 0.0442, -0.0284, 1.3492]", "[-0.0048, -0.0073, -0.0065]"
1728824990122, BTC_USDT,   62709.1, -0.0065     ,   62710.0,    62738.0, 289832572, 1825801146.1493 ,     69011.8,     56464.2,      62490.2,     63460.3, 62709.1, 62709.2, 71623486, -415.8       , 2.9e-05    , UTC+8, "[-0.0065, 0.0092, 0.0911, 0.0442, -0.0284, 1.3492]", "[-0.0048, -0.0073, -0.0065]"
1728824993109, BTC_USDT,   62709.1, -0.0065     ,   62710.0,    62738.0, 289834550, 1825813550.39146,     69011.8,     56464.2,      62490.2,     63460.3, 62709.1, 62709.2, 71626035, -415.8       , 2.9e-05    , UTC+8, "[-0.0065, 0.0092, 0.0911, 0.0442, -0.0284, 1.3492]", "[-0.0048, -0.0073, -0.0065]"
1728824995111, BTC_USDT,   62709.2, -0.0065     ,   62710.0,    62738.0, 289834561, 1825813617.17675,     69011.8,     56464.2,      62490.2,     63460.3, 62709.1, 62709.2, 71627777, -415.7       , 2.9e-05    , UTC+8, "[-0.0065, 0.0092, 0.0911, 0.0442, -0.0284, 1.3492]", "[-0.0048, -0.0073, -0.0065]"
1728824997103, BTC_USDT,   62709.2, -0.0065     ,   62710.0,    62738.0, 289835476, 1825819356.25472,     69011.8,     56464.2,      62490.2,     63460.3, 62709.1, 62709.2, 71628707, -415.7       , 2.9e-05    , UTC+8, "[-0.0065, 0.0092, 0.0911, 0.0442, -0.0284, 1.3492]", "[-0.0048, -0.0073, -0.0065]"
1728824999102, BTC_USDT,   62709.1, -0.0065     ,   62710.0,    62738.0, 289838291, 1825837009.80701,     69011.8,     56464.2,      62490.2,     63460.3, 62709.1, 62709.2, 71633291, -415.8       , 2.9e-05    , UTC+8, "[-0.0065, 0.0092, 0.0911, 0.0442, -0.0284, 1.3492]", "[-0.0048, -0.0073, -0.0065]"
1728825001104, BTC_USDT,   62709.1, -0.0065     ,   62710.0,    62738.0, 289840241, 1825849235.96743,     69011.8,     56464.2,      62490.2,     63460.3, 62709.1, 62709.2, 71637648, -415.8       , 2.9e-05    , UTC+8, "[-0.0065, 0.0092, 0.0911, 0.0442, -0.0284, 1.3492]", "[-0.0048, -0.0073, -0.0065]"
1728825004102, BTC_USDT,   62709.2, -0.0065     ,   62710.0,    62738.0, 289840269, 1825849414.06139,     69011.8,     56464.2,      62490.2,     63460.3, 62709.1, 62709.2, 71639416, -415.7       , 2.9e-05    , UTC+8, "[-0.0065, 0.0092, 0.0911, 0.0442, -0.0284, 1.3492]", "[-0.0048, -0.0073, -0.0065]"
1728825006097, BTC_USDT,   62709.2, -0.0065     ,   62710.0,    62738.0, 289840600, 1825851488.85468,     69011.8,     56464.2,      62490.2,     63460.3, 62709.1, 62709.2, 71640139, -415.7       , 2.9e-05    , UTC+8, "[-0.0065, 0.0092, 0.0911, 0.0442, -0.0284, 1.3492]", "[-0.0048, -0.0073, -0.0065]"
1728825008098, BTC_USDT,   62709.1, -0.0065     ,   62709.2,    62737.2, 289852925, 1825928777.13113,     69010.9,     56463.4,      62490.2,     63460.3, 62709.1, 62709.2, 71658355, -415.8       , 2.9e-05    , UTC+8, "[-0.0065, 0.0092, 0.0911, 0.0442, -0.0284, 1.3492]", "[-0.0048, -0.0073, -0.0065]"
1728825010109, BTC_USDT,   62709.1, -0.0065     ,   62709.2,    62737.2, 289852946, 1825928906.24929,     69010.9,     56463.4,      62490.2,     63460.3, 62709.1, 62709.2, 71660398, -415.8       , 2.9e-05    , UTC+8, "[-0.0065, 0.0092, 0.0911, 0.0442, -0.0284, 1.3492]", "[-0.0048, -0.0073, -0.0065]"
1728825012106, BTC_USDT,   62709.1, -0.0065     ,   62709.2,    62737.2, 289854211, 1825936844.78593,     69010.9,     56463.4,      62490.2,     63460.3, 62709.1, 62709.2, 71661198, -415.8       , 2.9e-05    , UTC+8, "[-0.0065, 0.0092, 0.0911, 0.0442, -0.0284, 1.3492]", "[-0.0048, -0.0073, -0.0065]"
1728825015114, BTC_USDT,   62709.2, -0.0065     ,   62709.2,    62737.2, 289855499, 1825944916.90221,     69010.9,     56463.4,      62490.2,     63460.3, 62709.1, 62709.2, 71665748, -415.7       , 2.9e-05    , UTC+8, "[-0.0065, 0.0092, 0.0911, 0.0442, -0.0284, 1.3492]", "[-0.0048, -0.0073, -0.0065]"
1728825017106, BTC_USDT,   62709.2, -0.0065     ,   62709.2,    62737.2, 289856042, 1825948322.9512 ,     69010.9,     56463.4,      62490.2,     63460.3, 62709.1, 62709.2, 71600430, -415.7       , 2.9e-05    , UTC+8, "[-0.0065, 0.0092, 0.0911, 0.0442, -0.0284, 1.3492]", "[-0.0048, -0.0073, -0.0065]"
1728825019105, BTC_USDT,   62709.1, -0.0065     ,   62709.3,    62737.2, 289856179, 1825949182.25408,     69010.9,     56463.4,      62490.2,     63460.3, 62709.1, 62709.2, 71598689, -415.8       , 2.9e-05    , UTC+8, "[-0.0065, 0.0092, 0.0911, 0.0442, -0.0284, 1.3492]", "[-0.0048, -0.0073, -0.0065]"
1728825021126, BTC_USDT,   62704.7, -0.0066     ,   62709.2,    62737.1, 289856870, 1825953518.80553,     69010.8,     56463.3,      62490.2,     63460.3, 62703.5, 62703.6, 71599870, -420.2       , 2.9e-05    , UTC+8, "[-0.0066, 0.0092, 0.091, 0.0441, -0.0285, 1.349]"  , "[-0.0049, -0.0074, -0.0066]"
1728825023104, BTC_USDT,   62703.0, -0.0066     ,   62703.5,    62731.5, 289862436, 1825988417.41899,     69004.6,     56458.3,      62490.2,     63460.3, 62702.9, 62703.0, 71611673, -421.9       , 2.9e-05    , UTC+8, "[-0.0066, 0.0091, 0.091, 0.0441, -0.0285, 1.349]"  , "[-0.0049, -0.0074, -0.0066]"
1728825026098, BTC_USDT,   62702.9, -0.0066     ,   62703.4,    62731.4, 289863749, 1825996648.99644,     69004.5,     56458.2,      62490.2,     63460.3, 62702.9, 62703.0, 71613912, -422.0       , 2.9e-05    , UTC+8, "[-0.0066, 0.0091, 0.091, 0.0441, -0.0285, 1.349]"  , "[-0.0049, -0.0074, -0.0066]"
1728825028088, BTC_USDT,   62703.0, -0.0066     ,   62703.4,    62731.4, 289863766, 1825996755.84234,     69004.5,     56458.2,      62490.2,     63460.3, 62702.9, 62703.0, 71615652, -421.9       , 2.9e-05    , UTC+8, "[-0.0066, 0.0091, 0.091, 0.0441, -0.0285, 1.349]"  , "[-0.0049, -0.0074, -0.0066]"
1728825030112, BTC_USDT,   62700.0, -0.0067     ,   62702.1,    62728.1, 289874957, 1826066926.77918,     69000.9,     56455.2,      62490.2,     63460.3, 62700.0, 62700.1, 71613112, -424.9       , 2.9e-05    , UTC+8, "[-0.0067, 0.0091, 0.0909, 0.044, -0.0285, 1.3489]" , "[-0.005, -0.0075, -0.0067]"
1728825032111, BTC_USDT,   62700.0, -0.0067     ,   62700.0,    62727.9, 289880187, 1826099718.00364,     69000.6,     56455.1,      62490.2,     63460.3, 62700.0, 62700.1, 71615329, -424.9       , 2.9e-05    , UTC+8, "[-0.0067, 0.0091, 0.0909, 0.044, -0.0285, 1.3489]" , "[-0.005, -0.0075, -0.0067]"
1728825035112, BTC_USDT,   62700.1, -0.0067     ,   62700.1,    62727.7, 289880994, 1826104779.58665,     69000.4,     56454.9,      62490.2,     63460.3, 62700.0, 62700.1, 71611988, -424.8       , 2.9e-05    , UTC+8, "[-0.0067, 0.0091, 0.0909, 0.044, -0.0285, 1.3489]" , "[-0.005, -0.0075, -0.0067]"
1728825037107, BTC_USDT,   62700.0, -0.0067     ,   62700.0,    62727.7, 289883828, 1826122546.32135,     69000.4,     56454.9,      62490.2,     63460.3, 62700.0, 62700.1, 71581603, -424.9       , 2.9e-05    , UTC+8, "[-0.0067, 0.0091, 0.0909, 0.044, -0.0285, 1.3489]" , "[-0.005, -0.0075, -0.0067]"
1728825039107, BTC_USDT,   62700.0, -0.0067     ,   62700.0,    62727.7, 289884133, 1826124460.55239,     69000.4,     56454.9,      62490.2,     63460.3, 62700.0, 62700.1, 71580931, -424.9       , 2.9e-05    , UTC+8, "[-0.0067, 0.0091, 0.0909, 0.044, -0.0285, 1.3489]" , "[-0.005, -0.0075, -0.0067]"
1728825041105, BTC_USDT,   62691.1, -0.0068     ,   62697.7,    62725.8, 289923750, 1826372856.03526,     68998.3,     56453.2,      62490.2,     63460.3, 62691.1, 62691.2, 71599158, -433.8       , 2.9e-05    , UTC+8, "[-0.0068, 0.009, 0.0908, 0.0439, -0.0287, 1.3485]" , "[-0.0051, -0.0076, -0.0068]"
1728825043095, BTC_USDT,   62691.1, -0.0068     ,   62697.3,    62725.5, 289923809, 1826373225.47411,     68998.0,     56452.9,      62490.2,     63460.3, 62691.1, 62691.2, 71600899, -433.8       , 2.9e-05    , UTC+8, "[-0.0068, 0.009, 0.0908, 0.0439, -0.0287, 1.3485]" , "[-0.0051, -0.0076, -0.0068]"
1728825046104, BTC_USDT,   62691.1, -0.0068     ,   62697.2,    62725.5, 289937654, 1826460021.31036,     68998.0,     56452.9,      62490.2,     63460.3, 62691.1, 62691.2, 71612531, -433.8       , 2.9e-05    , UTC+8, "[-0.0068, 0.009, 0.0908, 0.0439, -0.0287, 1.3485]" , "[-0.0051, -0.0076, -0.0068]"
1728825048099, BTC_USDT,   62691.2, -0.0068     ,   62697.1,    62725.5, 289937676, 1826460159.2936 ,     68998.0,     56452.9,      62490.2,     63460.3, 62691.1, 62691.2, 71612531, -433.7       , 2.9e-05    , UTC+8, "[-0.0068, 0.009, 0.0908, 0.0439, -0.0287, 1.3485]" , "[-0.0051, -0.0076, -0.0068]"
1728825050106, BTC_USDT,   62691.1, -0.0068     ,   62696.1,    62724.5, 289938635, 1826466172.68811,     68996.9,     56452.0,      62490.2,     63460.3, 62691.1, 62691.2, 71616408, -433.8       , 2.9e-05    , UTC+8, "[-0.0068, 0.009, 0.0908, 0.0439, -0.0287, 1.3485]" , "[-0.0051, -0.0076, -0.0068]"
1728825052126, BTC_USDT,   62691.1, -0.0068     ,   62696.1,    62724.6, 289951418, 1826546309.73343,     68997.0,     56452.1,      62490.2,     63460.3, 62691.1, 62691.2, 71641779, -433.8       , 2.9e-05    , UTC+8, "[-0.0068, 0.009, 0.0908, 0.0439, -0.0287, 1.3485]" , "[-0.0051, -0.0076, -0.0068]"
1728825054113, BTC_USDT,   62691.1, -0.0068     ,   62696.1,    62724.7, 289951435, 1826546416.55916,     68997.1,     56452.2,      62490.2,     63460.3, 62691.1, 62691.2, 71640040, -433.8       , 2.9e-05    , UTC+8, "[-0.0068, 0.009, 0.0908, 0.0439, -0.0287, 1.3485]" , "[-0.0051, -0.0076, -0.0068]"
1728825057111, BTC_USDT,   62691.2, -0.0068     ,   62696.0,    62724.7, 289966382, 1826640116.14298,     68997.1,     56452.2,      62490.2,     63460.3, 62691.1, 62691.2, 71573883, -433.7       , 2.9e-05    , UTC+8, "[-0.0068, 0.009, 0.0908, 0.0439, -0.0287, 1.3485]" , "[-0.0051, -0.0076, -0.0068]"
1728825059107, BTC_USDT,   62691.2, -0.0068     ,   62695.9,    62724.7, 289973893, 1826687203.99297,     68997.1,     56452.2,      62490.2,     63460.3, 62691.1, 62691.2, 71576816, -433.7       , 2.9e-05    , UTC+8, "[-0.0068, 0.009, 0.0908, 0.0439, -0.0287, 1.3485]" , "[-0.0051, -0.0076, -0.0068]"
1728825061101, BTC_USDT,   62691.1, -0.0068     ,   62695.9,    62724.7, 289975134, 1826694988.91109,     68997.1,     56452.2,      62490.2,     63460.3, 62691.1, 62691.2, 71579532, -433.8       , 2.9e-05    , UTC+8, "[-0.0068, 0.009, 0.0908, 0.0439, -0.0287, 1.3485]" , "[-0.0051, -0.0076, -0.0068]"
1728825063107, BTC_USDT,   62691.1, -0.0068     ,   62695.8,    62724.7, 289977893, 1826712281.31947,     68997.1,     56452.2,      62490.2,     63460.3, 62691.1, 62691.2, 71587475, -433.8       , 2.9e-05    , UTC+8, "[-0.0068, 0.009, 0.0908, 0.0439, -0.0287, 1.3485]" , "[-0.0051, -0.0076, -0.0068]"
1728825066108, BTC_USDT,   62691.2, -0.0068     ,   62695.7,    62724.7, 289978246, 1826714493.50379,     68997.1,     56452.2,      62490.2,     63460.3, 62691.1, 62691.2, 71585412, -433.7       , 2.9e-05    , UTC+8, "[-0.0068, 0.009, 0.0908, 0.0439, -0.0287, 1.3485]" , "[-0.0051, -0.0076, -0.0068]"
1728825068098, BTC_USDT,   62691.1, -0.0068     ,   62695.7,    62724.7, 289978258, 1826714569.17201,     68997.1,     56452.2,      62490.2,     63460.3, 62691.1, 62691.2, 71587153, -433.8       , 2.9e-05    , UTC+8, "[-0.0068, 0.009, 0.0908, 0.0439, -0.0287, 1.3485]" , "[-0.0051, -0.0076, -0.0068]"
1728825070109, BTC_USDT,   62691.2, -0.0068     ,   62695.6,    62724.7, 289978753, 1826717671.56764,     68997.1,     56452.2,      62490.2,     63460.3, 62691.1, 62691.2, 71585686, -433.7       , 2.9e-05    , UTC+8, "[-0.0068, 0.009, 0.0908, 0.0439, -0.0287, 1.3485]" , "[-0.0051, -0.0076, -0.0068]"
1728825072110, BTC_USDT,   62691.1, -0.0068     ,   62695.6,    62724.7, 289978886, 1826718508.36966,     68997.1,     56452.2,      62490.2,     63460.3, 62691.1, 62691.2, 71585686, -433.8       , 2.9e-05    , UTC+8, "[-0.0068, 0.009, 0.0908, 0.0439, -0.0287, 1.3485]" , "[-0.0051, -0.0076, -0.0068]"
1728825075092, BTC_USDT,   62691.2, -0.0068     ,   62695.5,    62724.7, 289979313, 1826721187.91319,     68997.1,     56452.2,      62490.2,     63460.3, 62691.1, 62691.2, 71586617, -433.7       , 2.9e-05    , UTC+8, "[-0.0068, 0.009, 0.0908, 0.0439, -0.0287, 1.3485]" , "[-0.0051, -0.0076, -0.0068]"
1728825077109, BTC_USDT,   62691.2, -0.0068     ,   62695.5,    62724.7, 289979445, 1826722011.36198,     68997.1,     56452.2,      62490.2,     63460.3, 62691.1, 62691.2, 71586918, -433.7       , 2.9e-05    , UTC+8, "[-0.0068, 0.009, 0.0908, 0.0439, -0.0287, 1.3485]" , "[-0.0051, -0.0076, -0.0068]"
1728825079100, BTC_USDT,   62691.1, -0.0068     ,   62695.4,    62724.7, 289983813, 1826749398.78408,     68997.1,     56452.2,      62490.2,     63460.3, 62691.1, 62691.2, 71591836, -433.8       , 2.9e-05    , UTC+8, "[-0.0068, 0.009, 0.0908, 0.0439, -0.0287, 1.3485]" , "[-0.0051, -0.0076, -0.0068]"
1728825081099, BTC_USDT,   62691.2, -0.0068     ,   62695.4,    62724.7, 289985934, 1826762689.67343,     68997.1,     56452.2,      62490.2,     63460.3, 62691.1, 62691.2, 71596614, -433.7       , 2.9e-05    , UTC+8, "[-0.0068, 0.009, 0.0908, 0.0439, -0.0287, 1.3485]" , "[-0.0051, -0.0076, -0.0068]"
1728825083131, BTC_USDT,   62691.2, -0.0068     ,   62695.3,    62724.7, 289986328, 1826765160.01938,     68997.1,     56452.2,      62490.2,     63460.3, 62691.1, 62691.2, 71596614, -433.7       , 2.9e-05    , UTC+8, "[-0.0068, 0.009, 0.0908, 0.0439, -0.0287, 1.3485]" , "[-0.0051, -0.0076, -0.0068]"
1728825086106, BTC_USDT,   62691.2, -0.0068     ,   62695.2,    62724.7, 289987020, 1826769499.81289,     68997.1,     56452.2,      62490.2,     63460.3, 62691.1, 62691.2, 71599907, -433.7       , 2.9e-05    , UTC+8, "[-0.0068, 0.009, 0.0908, 0.0439, -0.0287, 1.3485]" , "[-0.0051, -0.0076, -0.0068]"
1728825088090, BTC_USDT,   62691.2, -0.0068     ,   62695.2,    62724.7, 289987988, 1826775571.07156,     68997.1,     56452.2,      62490.2,     63460.3, 62691.1, 62691.2, 71599768, -433.7       , 2.9e-05    , UTC+8, "[-0.0068, 0.009, 0.0908, 0.0439, -0.0287, 1.3485]" , "[-0.0051, -0.0076, -0.0068]"
1728825090111, BTC_USDT,   62691.1, -0.0068     ,   62695.1,    62724.7, 289987995, 1826775611.13121,     68997.1,     56452.2,      62490.2,     63460.3, 62691.1, 62691.2, 71599768, -433.8       , 2.9e-05    , UTC+8, "[-0.0068, 0.009, 0.0908, 0.0439, -0.0287, 1.3485]" , "[-0.0051, -0.0076, -0.0068]"
1728825092102, BTC_USDT,   62691.1, -0.0068     ,   62695.1,    62724.7, 290010940, 1826919456.30132,     68997.1,     56452.2,      62490.2,     63460.3, 62691.1, 62691.2, 71650955, -433.8       , 2.9e-05    , UTC+8, "[-0.0068, 0.009, 0.0908, 0.0439, -0.0287, 1.3485]" , "[-0.0051, -0.0076, -0.0068]"
1728825094105, BTC_USDT,   62691.1, -0.0068     ,   62695.1,    62724.7, 290011852, 1826925175.92396,     68997.1,     56452.2,      62490.2,     63460.3, 62691.1, 62691.2, 71556641, -433.8       , 2.9e-05    , UTC+8, "[-0.0068, 0.009, 0.0908, 0.0439, -0.0287, 1.3485]" , "[-0.0051, -0.0076, -0.0068]"
1728825097106, BTC_USDT,   62691.2, -0.0068     ,   62695.0,    62724.7, 290012841, 1826931376.27083,     68997.1,     56452.2,      62490.2,     63460.3, 62691.1, 62691.2, 71558649, -433.7       , 2.9e-05    , UTC+8, "[-0.0068, 0.009, 0.0908, 0.0439, -0.0287, 1.3485]" , "[-0.0051, -0.0076, -0.0068]"
1728825099104, BTC_USDT,   62691.1, -0.0068     ,   62695.0,    62724.7, 290012853, 1826931451.93905,     68997.1,     56452.2,      62490.2,     63460.3, 62691.1, 62691.2, 71561080, -433.8       , 2.9e-05    , UTC+8, "[-0.0068, 0.009, 0.0908, 0.0439, -0.0287, 1.3485]" , "[-0.0051, -0.0076, -0.0068]"
1728825101100, BTC_USDT,   62691.1, -0.0068     ,   62694.9,    62724.7, 290013222, 1826933766.49752,     68997.1,     56452.2,      62490.2,     63460.3, 62691.1, 62691.2, 71559465, -433.8       , 2.9e-05    , UTC+8, "[-0.0068, 0.009, 0.0908, 0.0439, -0.0287, 1.3485]" , "[-0.0051, -0.0076, -0.0068]"
1728825103095, BTC_USDT,   62691.2, -0.0068     ,   62694.9,    62724.7, 290013255, 1826933971.24673,     68997.1,     56452.2,      62490.2,     63460.3, 62691.1, 62691.2, 71559521, -433.7       , 2.9e-05    , UTC+8, "[-0.0068, 0.009, 0.0908, 0.0439, -0.0287, 1.3485]" , "[-0.0051, -0.0076, -0.0068]"
1728825106105, BTC_USDT,   62691.2, -0.0068     ,   62694.8,    62724.7, 290013734, 1826936975.71781,     68997.1,     56452.2,      62490.2,     63460.3, 62691.1, 62691.2, 71559521, -433.7       , 2.9e-05    , UTC+8, "[-0.0068, 0.009, 0.0908, 0.0439, -0.0287, 1.3485]" , "[-0.0051, -0.0076, -0.0068]"
1728825108095, BTC_USDT,   62691.1, -0.0068     ,   62694.9,    62724.8, 290014091, 1826939210.15404,     68997.2,     56452.3,      62490.2,     63460.3, 62691.1, 62691.2, 71560304, -433.8       , 2.9e-05    , UTC+8, "[-0.0068, 0.009, 0.0908, 0.0439, -0.0287, 1.3485]" , "[-0.0051, -0.0076, -0.0068]"
1728825110106, BTC_USDT,   62691.1, -0.0068     ,   62694.9,    62724.8, 290014122, 1826939406.00114,     68997.2,     56452.3,      62490.2,     63460.3, 62691.1, 62691.2, 71560304, -433.8       , 2.9e-05    , UTC+8, "[-0.0068, 0.009, 0.0908, 0.0439, -0.0287, 1.3485]" , "[-0.0051, -0.0076, -0.0068]"
1728825112104, BTC_USDT,   62691.1, -0.0068     ,   62694.8,    62724.8, 290014128, 1826939441.60971,     68997.2,     56452.3,      62490.2,     63460.3, 62691.1, 62691.2, 71560304, -433.8       , 2.9e-05    , UTC+8, "[-0.0068, 0.009, 0.0908, 0.0439, -0.0287, 1.3485]" , "[-0.0051, -0.0076, -0.0068]"
1728825114107, BTC_USDT,   62691.2, -0.0068     ,   62694.7,    62724.8, 290014344, 1826940799.18738,     68997.2,     56452.3,      62490.2,     63460.3, 62691.1, 62691.2, 71560716, -433.7       , 2.9e-05    , UTC+8, "[-0.0068, 0.009, 0.0908, 0.0439, -0.0287, 1.3485]" , "[-0.0051, -0.0076, -0.0068]"
1728825117102, BTC_USDT,   62691.2, -0.0068     ,   62694.6,    62724.8, 290016005, 1826951210.23682,     68997.2,     56452.3,      62490.2,     63460.3, 62691.1, 62691.2, 71565910, -433.7       , 2.9e-05    , UTC+8, "[-0.0068, 0.009, 0.0908, 0.0439, -0.0287, 1.3485]" , "[-0.0051, -0.0076, -0.0068]"
1728825119108, BTC_USDT,   62691.1, -0.0068     ,   62694.6,    62724.8, 290016271, 1826952879.38892,     68997.2,     56452.3,      62490.2,     63460.3, 62691.1, 62691.2, 71566246, -433.8       , 2.9e-05    , UTC+8, "[-0.0068, 0.009, 0.0908, 0.0439, -0.0287, 1.3485]" , "[-0.0051, -0.0076, -0.0068]"
1728825121089, BTC_USDT,   62691.2, -0.0068     ,   62694.5,    62724.8, 290016480, 1826954188.00365,     68997.2,     56452.3,      62490.2,     63460.3, 62691.1, 62691.2, 71564963, -433.7       , 2.9e-05    , UTC+8, "[-0.0068, 0.009, 0.0908, 0.0439, -0.0287, 1.3485]" , "[-0.0051, -0.0076, -0.0068]"
1728825123094, BTC_USDT,   62709.1, -0.0065     ,   62694.7,    62728.5, 290017623, 1826961355.68004,     69001.3,     56455.6,      62490.2,     63460.3, 62709.0, 62709.1, 71565822, -415.8       , 2.9e-05    , UTC+8, "[-0.0065, 0.0092, 0.0911, 0.0442, -0.0284, 1.3492]", "[-0.0048, -0.0073, -0.0065]"
1728825126097, BTC_USDT,   62709.1, -0.0065     ,   62709.1,    62732.2, 290018998, 1826969979.87434,     69005.4,     56458.9,      62490.2,     63460.3, 62709.0, 62709.1, 71568126, -415.8       , 2.9e-05    , UTC+8, "[-0.0065, 0.0092, 0.0911, 0.0442, -0.0284, 1.3492]", "[-0.0048, -0.0073, -0.0065]"
1728825128100, BTC_USDT,   62709.9, -0.0065     ,   62709.1,    62732.5, 290019551, 1826973448.28162,     69005.7,     56459.2,      62490.2,     63460.3, 62711.9, 62712.0, 71575112, -415.0       , 2.9e-05    , UTC+8, "[-0.0065, 0.0093, 0.0911, 0.0442, -0.0284, 1.3492]", "[-0.0048, -0.0073, -0.0065]"
1728825130111, BTC_USDT,   62712.2, -0.0065     ,   62712.0,    62736.5, 290025544, 1827011032.15549,     69010.1,     56462.8,      62490.2,     63460.3, 62712.1, 62712.2, 71576932, -412.7       , 2.9e-05    , UTC+8, "[-0.0065, 0.0093, 0.0911, 0.0442, -0.0284, 1.3493]", "[-0.0048, -0.0073, -0.0065]"
1728825132105, BTC_USDT,   62709.7, -0.0065     ,   62712.2,    62736.4, 290027552, 1827023623.96557,     69010.0,     56462.7,      62490.2,     63460.3, 62709.6, 62709.7, 71578723, -415.2       , 2.9e-05    , UTC+8, "[-0.0065, 0.0093, 0.0911, 0.0442, -0.0284, 1.3492]", "[-0.0048, -0.0073, -0.0065]"
1728825134103, BTC_USDT,   62709.1, -0.0065     ,   62709.7,    62736.3, 290029573, 1827036295.461  ,     69009.9,     56462.6,      62490.2,     63460.3, 62709.0, 62709.1, 71577446, -415.8       , 2.9e-05    , UTC+8, "[-0.0065, 0.0092, 0.0911, 0.0442, -0.0284, 1.3492]", "[-0.0048, -0.0073, -0.0065]"
