timestamp,symbol,lastPrice,riseFallRate,fairPrice,indexPrice,volume24,amount24,maxBidPrice,minAskPrice,lower24Price,high24Price,bid1,ask1,holdVol,riseFallValue,fundingRate,zone,riseFallRates,riseFallRatesOfTimezone
1735818854120,BTC_USDT,96619,0.0233,96619.4,96643.2,753622936,7165564720.92741,106307.5,86978.8,93160,96865,96619,96619.1,174990940,2209.1,0.0001,UTC+8,"[0.0233, -0.019, -0.0051, 0.5942, 0.7059, 1.1368]","[0.0354, 0.0215, 0.0233]"
1735818856165,BTC_USDT,96619,0.0233,96619.3,96643.2,753622943,7165564788.56073,106307.5,86978.8,93160,96865,96619,96619.1,174990940,2209.1,0.0001,UTC+8,"[0.0233, -0.019, -0.0051, 0.5942, 0.7059, 1.1368]","[0.0354, 0.0215, 0.0233]"
1735818858120,BTC_USDT,96619.1,0.0234,96619.2,96643.2,753623169,7165566972.15145,106307.5,86978.8,93160,96865,96619,96619.1,174991188,2209.2,0.0001,UTC+8,"[0.0234, -0.019, -0.0051, 0.5942, 0.7059, 1.1368]","[0.0354, 0.0215, 0.0234]"
1735818861121,BTC_USDT,96619.1,0.0234,96619.1,96643.2,753624916,7165583851.49312,106307.5,86978.8,93160,96865,96619,96619.1,174995292,2209.2,0.0001,UTC+8,"[0.0234, -0.019, -0.0051, 0.5942, 0.7059, 1.1368]","[0.0354, 0.0215, 0.0234]"
1735818863118,BTC_USDT,96619,0.0233,96619.0,96643.2,753626465,7165598817.7914,106307.5,86978.8,93160,96865,96619,96619.1,174999576,2209.1,0.0001,UTC+8,"[0.0233, -0.019, -0.0051, 0.5942, 0.7059, 1.1368]","[0.0354, 0.0215, 0.0233]"
1735818866122,BTC_USDT,96619,0.0233,96619.2,96643.4,753626513,7165599281.56278,106307.7,86979.0,93160,96865,96619,96619.1,174999612,2209.1,0.0001,UTC+8,"[0.0233, -0.019, -0.0051, 0.5942, 0.7059, 1.1368]","[0.0354, 0.0215, 0.0233]"
1735818868124,BTC_USDT,96623.3,0.0234,96620.7,96643.4,753628435,7165617851.78179,106307.7,86979.0,93160,96865,96623.2,96623.3,174999996,2213.4,0.0001,UTC+8,"[0.0234, -0.0189, -0.005, 0.5942, 0.706, 1.1369]","[0.0355, 0.0215, 0.0234]"
1735818870119,BTC_USDT,96623.2,0.0234,96623.3,96643.5,753629116,7165624431.82769,106307.8,86979.1,93160,96865,96623.2,96623.3,175000228,2213.3,0.0001,UTC+8,"[0.0234, -0.0189, -0.005, 0.5942, 0.706, 1.1369]","[0.0355, 0.0215, 0.0234]"
1735818873130,BTC_USDT,96623.3,0.0234,96623.3,96643.5,753630738,7165640104.11551,106307.8,86979.1,93160,96865,96623.2,96623.3,175004588,2213.4,0.0001,UTC+8,"[0.0234, -0.0189, -0.005, 0.5942, 0.706, 1.1369]","[0.0355, 0.0215, 0.0234]"
1735818875125,BTC_USDT,96623.3,0.0234,96623.3,96643.5,753631594,7165648375.06778,106307.8,86979.1,93160,96865,96623.2,96623.3,175004588,2213.4,0.0001,UTC+8,"[0.0234, -0.0189, -0.005, 0.5942, 0.706, 1.1369]","[0.0355, 0.0215, 0.0234]"
1735818878119,BTC_USDT,96623.2,0.0234,96623.2,96643.5,753631657,7165648983.79421,106307.8,86979.1,93160,96865,96623.2,96623.3,175004592,2213.3,0.0001,UTC+8,"[0.0234, -0.0189, -0.005, 0.5942, 0.706, 1.1369]","[0.0355, 0.0215, 0.0234]"
1735818880121,BTC_USDT,96623.2,0.0234,96623.3,96643.5,753631691,7165649312.31334,106307.8,86979.1,93160,96865,96623.2,96623.3,175004592,2213.3,0.0001,UTC+8,"[0.0234, -0.0189, -0.005, 0.5942, 0.706, 1.1369]","[0.0355, 0.0215, 0.0234]"
1735818883124,BTC_USDT,96623.2,0.0234,96623.3,96643.5,753642051,7165749414.01981,106307.8,86979.1,93160,96865,96623.2,96623.3,175034216,2213.3,0.0001,UTC+8,"[0.0234, -0.0189, -0.005, 0.5942, 0.706, 1.1369]","[0.0355, 0.0215, 0.0234]"
1735818885123,BTC_USDT,96623.3,0.0234,96623.3,96643.5,753647901,7165805938.60015,106307.8,86979.1,93160,96865,96623.2,96623.3,175054244,2213.4,0.0001,UTC+8,"[0.0234, -0.0189, -0.005, 0.5942, 0.706, 1.1369]","[0.0355, 0.0215, 0.0234]"
1735818887165,BTC_USDT,96623.2,0.0234,96623.2,96643.5,753651370,7165839457.21039,106307.8,86979.1,93160,96865,96623.2,96623.3,175058312,2213.3,0.0001,UTC+8,"[0.0234, -0.0189, -0.005, 0.5942, 0.706, 1.1369]","[0.0355, 0.0215, 0.0234]"
1735818890121,BTC_USDT,96623.3,0.0234,96623.2,96643.5,753652010,7165845641.09857,106307.8,86979.1,93160,96865,96623.2,96623.3,175059492,2213.4,0.0001,UTC+8,"[0.0234, -0.0189, -0.005, 0.5942, 0.706, 1.1369]","[0.0355, 0.0215, 0.0234]"
1735818892118,BTC_USDT,96623.2,0.0234,96623.3,96643.5,753652151,7165847003.48637,106307.8,86979.1,93160,96865,96623.2,96623.3,175059620,2213.3,0.0001,UTC+8,"[0.0234, -0.0189, -0.005, 0.5942, 0.706, 1.1369]","[0.0355, 0.0215, 0.0234]"
1735818895124,BTC_USDT,96623.3,0.0234,96623.3,96643.6,753654571,7165870386.30786,106307.9,86979.2,93160,96865,96623.2,96623.3,175059640,2213.4,0.0001,UTC+8,"[0.0234, -0.0189, -0.005, 0.5942, 0.706, 1.1369]","[0.0355, 0.0215, 0.0234]"
1735818897120,BTC_USDT,96623.3,0.0234,96623.2,96643.6,753654996,7165874492.79502,106307.9,86979.2,93160,96865,96623.2,96623.3,175005504,2213.4,0.0001,UTC+8,"[0.0234, -0.0189, -0.005, 0.5942, 0.706, 1.1369]","[0.0355, 0.0215, 0.0234]"
1735818899124,BTC_USDT,96623.2,0.0234,96623.2,96643.6,753655209,7165876550.86959,106307.9,86979.2,93160,96865,96623.2,96623.3,175005500,2213.3,0.0001,UTC+8,"[0.0234, -0.0189, -0.005, 0.5942, 0.706, 1.1369]","[0.0355, 0.0215, 0.0234]"
1735818902117,BTC_USDT,96623.2,0.0234,96623.3,96643.5,753660198,7165924756.21436,106307.8,86979.1,93160,96865,96623.2,96623.3,175017692,2213.3,0.0001,UTC+8,"[0.0234, -0.0189, -0.005, 0.5942, 0.706, 1.1369]","[0.0355, 0.0215, 0.0234]"
1735818904116,BTC_USDT,96623.2,0.0234,96623.3,96643.5,753660252,7165925277.97972,106307.8,86979.1,93160,96865,96623.2,96623.3,175017708,2213.3,0.0001,UTC+8,"[0.0234, -0.0189, -0.005, 0.5942, 0.706, 1.1369]","[0.0355, 0.0215, 0.0234]"
1735818907115,BTC_USDT,96623.2,0.0234,96623.2,96643.5,753662248,7165944563.98389,106307.8,86979.1,93160,96865,96623.2,96623.3,175018552,2213.3,0.0001,UTC+8,"[0.0234, -0.0189, -0.005, 0.5942, 0.706, 1.1369]","[0.0355, 0.0215, 0.0234]"
1735818909116,BTC_USDT,96623.2,0.0234,96623.2,96643.6,753662377,7165945810.4238,106307.9,86979.2,93160,96865,96623.2,96623.3,175018752,2213.3,0.0001,UTC+8,"[0.0234, -0.0189, -0.005, 0.5942, 0.706, 1.1369]","[0.0355, 0.0215, 0.0234]"
1735818912120,BTC_USDT,96623.2,0.0234,96623.2,96643.5,753662909,7165950950.78118,106307.8,86979.1,93160,96865,96623.2,96623.3,175019912,2213.3,0.0001,UTC+8,"[0.0234, -0.0189, -0.005, 0.5942, 0.706, 1.1369]","[0.0355, 0.0215, 0.0234]"
1735818914118,BTC_USDT,96623.2,0.0234,96623.3,96643.6,753673894,7166057091.40438,106307.9,86979.2,93160,96865,96623.2,96623.3,175022420,2213.3,0.0001,UTC+8,"[0.0234, -0.0189, -0.005, 0.5942, 0.706, 1.1369]","[0.0355, 0.0215, 0.0234]"
1735818916113,BTC_USDT,96623.3,0.0234,96623.2,96643.5,753674506,7166063004.74956,106307.8,86979.1,93160,96865,96623.2,96623.3,175025208,2213.4,0.0001,UTC+8,"[0.0234, -0.0189, -0.005, 0.5942, 0.706, 1.1369]","[0.0355, 0.0215, 0.0234]"
1735818919118,BTC_USDT,96623.2,0.0234,96623.3,96643.5,753676281,7166080155.37859,106307.8,86979.1,93160,96865,96623.2,96623.3,175028800,2213.3,0.0001,UTC+8,"[0.0234, -0.0189, -0.005, 0.5942, 0.706, 1.1369]","[0.0355, 0.0215, 0.0234]"
1735818921114,BTC_USDT,96623.2,0.0234,96623.2,96643.6,753676450,7166081788.31097,106307.9,86979.2,93160,96865,96623.2,96623.3,175028800,2213.3,0.0001,UTC+8,"[0.0234, -0.0189, -0.005, 0.5942, 0.706, 1.1369]","[0.0355, 0.0215, 0.0234]"
1735818924119,BTC_USDT,96639.9,0.0236,96636.4,96660.3,753682077,7166136163.66395,106326.3,86994.2,93160,96865,96639.9,96640.0,175046232,2230.0,0.0001,UTC+8,"[0.0236, -0.0188, -0.0048, 0.5945, 0.7063, 1.1373]","[0.0357, 0.0217, 0.0236]"
1735818926123,BTC_USDT,96649.2,0.0237,96640.4,96664.1,753685199,7166166335.23638,106330.5,86997.6,93160,96865,96649.5,96649.6,175047940,2239.3,0.0001,UTC+8,"[0.0237, -0.0187, -0.0048, 0.5947, 0.7065, 1.1375]","[0.0358, 0.0218, 0.0237]"
1735818928120,BTC_USDT,96658.6,0.0238,96657.2,96681.0,753699288,7166302510.17087,106349.1,87012.9,93160,96865,96658.6,96658.7,175028272,2248.7,0.0001,UTC+8,"[0.0238, -0.0186, -0.0047, 0.5948, 0.7066, 1.1377]","[0.0359, 0.0219, 0.0238]"
1735818931121,BTC_USDT,96658.6,0.0238,96658.7,96680.8,753797514,7167251949.60344,106348.8,87012.7,93160,96865,96658.6,96658.7,175294236,2248.7,0.0001,UTC+8,"[0.0238, -0.0186, -0.0047, 0.5948, 0.7066, 1.1377]","[0.0359, 0.0219, 0.0238]"
1735818933120,BTC_USDT,96658.7,0.0238,96658.6,96680.8,753803606,7167310834.07801,106348.8,87012.7,93160,96865,96658.6,96658.7,175314384,2248.8,0.0001,UTC+8,"[0.0238, -0.0186, -0.0047, 0.5948, 0.7066, 1.1377]","[0.0359, 0.0219, 0.0238]"
1735818936121,BTC_USDT,96648.1,0.0237,96648.0,96671.0,753852056,7167779142.67978,106338.1,87003.9,93160,96865,96648,96648.1,175273720,2238.2,0.0001,UTC+8,"[0.0237, -0.0187, -0.0048, 0.5946, 0.7064, 1.1375]","[0.0357, 0.0218, 0.0237]"
1735818938125,BTC_USDT,96648.5,0.0237,96648.5,96671.0,753852814,7167786468.60779,106338.1,87003.9,93160,96865,96648.4,96648.5,175274268,2238.6,0.0001,UTC+8,"[0.0237, -0.0187, -0.0048, 0.5946, 0.7065, 1.1375]","[0.0358, 0.0218, 0.0237]"
1735818941115,BTC_USDT,96648.4,0.0237,96648.5,96671.0,753854136,7167799245.52955,106338.1,87003.9,93160,96865,96648,96648.1,175276100,2238.5,0.0001,UTC+8,"[0.0237, -0.0187, -0.0048, 0.5946, 0.7065, 1.1375]","[0.0358, 0.0218, 0.0237]"
1735818943119,BTC_USDT,96648.1,0.0237,96648.1,96671.0,753854302,7167800849.88774,106338.1,87003.9,93160,96865,96648,96648.1,175276632,2238.2,0.0001,UTC+8,"[0.0237, -0.0187, -0.0048, 0.5946, 0.7064, 1.1375]","[0.0357, 0.0218, 0.0237]"
1735818945118,BTC_USDT,96648.1,0.0237,96648.1,96671.0,753854890,7167806532.79414,106338.1,87003.9,93160,96865,96648,96648.1,175276804,2238.2,0.0001,UTC+8,"[0.0237, -0.0187, -0.0048, 0.5946, 0.7064, 1.1375]","[0.0357, 0.0218, 0.0237]"
1735818948152,BTC_USDT,96648.1,0.0237,96648.0,96671.0,753857023,7167827147.82583,106338.1,87003.9,93160,96865,96648,96648.1,175282164,2238.2,0.0001,UTC+8,"[0.0237, -0.0187, -0.0048, 0.5946, 0.7064, 1.1375]","[0.0357, 0.0218, 0.0237]"
1735818950121,BTC_USDT,96648,0.0237,96648.0,96671.0,753859835,7167854325.24848,106338.1,87003.9,93160,96865,96648,96648.1,175289144,2238.1,0.0001,UTC+8,"[0.0237, -0.0187, -0.0048, 0.5946, 0.7064, 1.1375]","[0.0357, 0.0218, 0.0237]"
1735818952121,BTC_USDT,96648.1,0.0237,96648.0,96671.0,753862373,7167878854.52416,106338.1,87003.9,93160,96865,96648,96648.1,175294896,2238.2,0.0001,UTC+8,"[0.0237, -0.0187, -0.0048, 0.5946, 0.7064, 1.1375]","[0.0357, 0.0218, 0.0237]"
1735818955113,BTC_USDT,96648.1,0.0237,96648.0,96671.0,753870740,7167959719.92976,106338.1,87003.9,93160,96865,96648,96648.1,175318468,2238.2,0.0001,UTC+8,"[0.0237, -0.0187, -0.0048, 0.5946, 0.7064, 1.1375]","[0.0357, 0.0218, 0.0237]"
1735818957118,BTC_USDT,96648,0.0237,96648.0,96671.0,753870985,7167962087.80594,106338.1,87003.9,93160,96865,96648,96648.1,175318472,2238.1,0.0001,UTC+8,"[0.0237, -0.0187, -0.0048, 0.5946, 0.7064, 1.1375]","[0.0357, 0.0218, 0.0237]"
1735818960121,BTC_USDT,96648,0.0237,96648.0,96671.0,753873380,7167985235.00208,106338.1,87003.9,93160,96865,96648,96648.1,175318472,2238.1,0.0001,UTC+8,"[0.0237, -0.0187, -0.0048, 0.5946, 0.7064, 1.1375]","[0.0357, 0.0218, 0.0237]"
1735818962121,BTC_USDT,96648,0.0237,96648.0,96671.0,753873446,7167985872.87934,106338.1,87003.9,93160,96865,96648,96648.1,175318636,2238.1,0.0001,UTC+8,"[0.0237, -0.0187, -0.0048, 0.5946, 0.7064, 1.1375]","[0.0357, 0.0218, 0.0237]"
1735818965119,BTC_USDT,96656.6,0.0237,96656.1,96671.6,753882106,7168069577.19531,106338.7,87004.4,93160,96865,96656.5,96656.6,175343332,2246.7,0.0001,UTC+8,"[0.0237, -0.0186, -0.0047, 0.5948, 0.7066, 1.1377]","[0.0358, 0.0219, 0.0237]"
1735818967119,BTC_USDT,96648,0.0237,96648.2,96671.2,753883996,7168087843.86384,106338.3,87004.0,93160,96865,96648,96648.1,175346888,2238.1,0.0001,UTC+8,"[0.0237, -0.0187, -0.0048, 0.5946, 0.7064, 1.1375]","[0.0357, 0.0218, 0.0237]"
1735818969118,BTC_USDT,96648.1,0.0237,96648.1,96671.2,753885173,7168099219.33954,106338.3,87004.0,93160,96865,96648,96648.1,175349256,2238.2,0.0001,UTC+8,"[0.0237, -0.0187, -0.0048, 0.5946, 0.7064, 1.1375]","[0.0357, 0.0218, 0.0237]"
1735818972121,BTC_USDT,96648.1,0.0237,96648.1,96671.2,753887708,7168123719.61896,106338.3,87004.0,93160,96865,96648,96648.1,175353568,2238.2,0.0001,UTC+8,"[0.0237, -0.0187, -0.0048, 0.5946, 0.7064, 1.1375]","[0.0357, 0.0218, 0.0237]"
1735818974117,BTC_USDT,96648.1,0.0237,96648.2,96671.2,753888464,7168131026.21406,106338.3,87004.0,93160,96865,96648,96648.1,175355772,2238.2,0.0001,UTC+8,"[0.0237, -0.0187, -0.0048, 0.5946, 0.7064, 1.1375]","[0.0357, 0.0218, 0.0237]"
1735818977115,BTC_USDT,96650,0.0237,96649.3,96671.3,753894526,7168189615.12957,106338.4,87004.1,93160,96865,96652.2,96652.3,175370756,2240.1,0.0001,UTC+8,"[0.0237, -0.0187, -0.0047, 0.5947, 0.7065, 1.1375]","[0.0358, 0.0218, 0.0237]"
1735818979191,BTC_USDT,96652.3,0.0237,96652.2,96671.3,753896303,7168206790.22549,106338.4,87004.1,93160,96865,96652.2,96652.3,175290136,2242.4,0.0001,UTC+8,"[0.0237, -0.0186, -0.0047, 0.5947, 0.7065, 1.1376]","[0.0358, 0.0219, 0.0237]"
1735818981118,BTC_USDT,96652.2,0.0237,96652.2,96671.3,753896313,7168206886.87776,106338.4,87004.1,93160,96865,96652.2,96652.3,175290140,2242.3,0.0001,UTC+8,"[0.0237, -0.0186, -0.0047, 0.5947, 0.7065, 1.1376]","[0.0358, 0.0218, 0.0237]"
1735818984118,BTC_USDT,96652.3,0.0237,96652.2,96671.4,753905049,7168291322.32226,106338.5,87004.2,93160,96865,96652.2,96652.3,175313924,2242.4,0.0001,UTC+8,"[0.0237, -0.0186, -0.0047, 0.5947, 0.7065, 1.1376]","[0.0358, 0.0219, 0.0237]"
1735818986112,BTC_USDT,96652.3,0.0237,96652.3,96671.4,753912534,7168363666.52901,106338.5,87004.2,93160,96865,96652.2,96652.3,175323008,2242.4,0.0001,UTC+8,"[0.0237, -0.0186, -0.0047, 0.5947, 0.7065, 1.1376]","[0.0358, 0.0219, 0.0237]"
1735818989119,BTC_USDT,96652.2,0.0237,96652.3,96671.4,753912638,7168364671.71216,106338.5,87004.2,93160,96865,96652.2,96652.3,175323072,2242.3,0.0001,UTC+8,"[0.0237, -0.0186, -0.0047, 0.5947, 0.7065, 1.1376]","[0.0358, 0.0218, 0.0237]"
1735818991118,BTC_USDT,96667.2,0.0239,96660.6,96683.5,753918585,7168422154.43555,106351.8,87015.1,93160,96865,96667.2,96667.3,175331660,2257.3,0.0001,UTC+8,"[0.0239, -0.0185, -0.0046, 0.5949, 0.7068, 1.1379]","[0.036, 0.022, 0.0239]"
1735818993121,BTC_USDT,96669.9,0.0239,96670.0,96691.9,753923233,7168467086.59475,106361.0,87022.7,93160,96865,96669.9,96670.0,175331620,2260.0,0.0001,UTC+8,"[0.0239, -0.0185, -0.0045, 0.595, 0.7068, 1.138]","[0.036, 0.022, 0.0239]"
1735818996119,BTC_USDT,96670,0.0239,96669.9,96691.9,753925229,7168486381.91129,106361.0,87022.7,93160,96865,96669.9,96670.0,175333376,2260.1,0.0001,UTC+8,"[0.0239, -0.0185, -0.0045, 0.595, 0.7068, 1.138]","[0.036, 0.022, 0.0239]"
1735818998112,BTC_USDT,96670,0.0239,96669.9,96691.8,753931314,7168545205.58832,106360.9,87022.6,93160,96865,96669.9,96670.0,175333512,2260.1,0.0001,UTC+8,"[0.0239, -0.0185, -0.0045, 0.595, 0.7068, 1.138]","[0.036, 0.022, 0.0239]"
1735819001123,BTC_USDT,96683,0.024,96681.9,96697.4,754265578,7171776924.56728,106367.1,87027.6,93160,96865,96683,96683.1,175339684,2273.1,0.0001,UTC+8,"[0.024, -0.0183, -0.0044, 0.5952, 0.7071, 1.1382]","[0.0361, 0.0222, 0.024]"
1735819003118,BTC_USDT,96685.5,0.0241,96685.4,96700.7,754266444,7171785297.41412,106370.7,87030.6,93160,96865,96685.4,96685.5,175340784,2275.6,0.0001,UTC+8,"[0.0241, -0.0183, -0.0044, 0.5952, 0.7071, 1.1383]","[0.0362, 0.0222, 0.0241]"
1735819006122,BTC_USDT,96697.4,0.0242,96690.0,96712.4,754273615,7171854636.53524,106383.6,87041.1,93160,96865,96699.2,96699.3,175344604,2287.5,0.0001,UTC+8,"[0.0242, -0.0182, -0.0043, 0.5954, 0.7073, 1.1386]","[0.0363, 0.0223, 0.0242]"
1735819008122,BTC_USDT,96709.5,0.0243,96709.4,96731.7,754297627,7172086845.05632,106404.8,87058.5,93160,96865,96709.5,96709.6,175385256,2299.6,0.0001,UTC+8,"[0.0243, -0.0181, -0.0041, 0.5956, 0.7075, 1.1388]","[0.0364, 0.0225, 0.0243]"
1735819010143,BTC_USDT,96709.7,0.0243,96709.6,96731.9,754299638,7172106293.34377,106405.0,87058.7,93160,96865,96709.6,96709.7,175386588,2299.8,0.0001,UTC+8,"[0.0243, -0.0181, -0.0041, 0.5956, 0.7075, 1.1388]","[0.0364, 0.0225, 0.0243]"
1735819013115,BTC_USDT,96708.8,0.0243,96709.6,96731.9,754313785,7172243108.53353,106405.0,87058.7,93160,96865,96706.7,96706.8,174387832,2298.9,0.0001,UTC+8,"[0.0243, -0.0181, -0.0041, 0.5956, 0.7075, 1.1388]","[0.0364, 0.0224, 0.0243]"
1735819015116,BTC_USDT,96710.3,0.0243,96709.7,96732.0,754361767,7172707139.67497,106405.2,87058.8,93160,96865,96711.9,96712.0,174513352,2300.4,0.0001,UTC+8,"[0.0243, -0.0181, -0.0041, 0.5957, 0.7075, 1.1389]","[0.0364, 0.0225, 0.0243]"
1735819017118,BTC_USDT,96712.5,0.0243,96712.0,96732.1,754364234,7172730998.53043,106405.3,87058.8,93160,96865,96712.4,96712.5,174513624,2302.6,0.0001,UTC+8,"[0.0243, -0.018, -0.0041, 0.5957, 0.7076, 1.1389]","[0.0364, 0.0225, 0.0243]"
1735819020126,BTC_USDT,96712.5,0.0243,96712.4,96732.1,754382259,7172905322.69365,106405.3,87058.8,93160,96865,96712.4,96712.5,174523852,2302.6,0.0001,UTC+8,"[0.0243, -0.018, -0.0041, 0.5957, 0.7076, 1.1389]","[0.0364, 0.0225, 0.0243]"
1735819022119,BTC_USDT,96714.9,0.0244,96712.4,96732.2,754382896,7172911483.34912,106405.4,87058.9,93160,96865,96714.9,96715.0,174524896,2305.0,0.0001,UTC+8,"[0.0244, -0.018, -0.0041, 0.5957, 0.7076, 1.139]","[0.0365, 0.0225, 0.0244]"
1735819025110,BTC_USDT,96715,0.0244,96715.0,96732.3,754388832,7172968893.38416,106405.5,87059.0,93160,96865,96715,96715.1,174528712,2305.1,0.0001,UTC+8,"[0.0244, -0.018, -0.0041, 0.5957, 0.7076, 1.139]","[0.0365, 0.0225, 0.0244]"
1735819027124,BTC_USDT,96715.1,0.0244,96715.0,96732.5,754390247,7172982578.56595,106405.7,87059.2,93160,96865,96715,96715.1,174532468,2305.2,0.0001,UTC+8,"[0.0244, -0.018, -0.0041, 0.5957, 0.7076, 1.139]","[0.0365, 0.0225, 0.0244]"
1735819029126,BTC_USDT,96715.1,0.0244,96715.1,96732.6,754391274,7172992511.20436,106405.8,87059.3,93160,96865,96715,96715.1,174533420,2305.2,0.0001,UTC+8,"[0.0244, -0.018, -0.0041, 0.5957, 0.7076, 1.139]","[0.0365, 0.0225, 0.0244]"
1735819032121,BTC_USDT,96715,0.0244,96715.0,96732.6,754396484,7173042899.74352,106405.8,87059.3,93160,96865,96715,96715.1,174543732,2305.1,0.0001,UTC+8,"[0.0244, -0.018, -0.0041, 0.5957, 0.7076, 1.139]","[0.0365, 0.0225, 0.0244]"
1735819034114,BTC_USDT,96715.1,0.0244,96715.1,96732.6,754399302,7173070154.04001,106405.8,87059.3,93160,96865,96715,96715.1,174551864,2305.2,0.0001,UTC+8,"[0.0244, -0.018, -0.0041, 0.5957, 0.7076, 1.139]","[0.0365, 0.0225, 0.0244]"
1735819037120,BTC_USDT,96715.1,0.0244,96715.1,96732.6,754400872,7173085338.29967,106405.8,87059.3,93160,96865,96715,96715.1,174500460,2305.2,0.0001,UTC+8,"[0.0244, -0.018, -0.0041, 0.5957, 0.7076, 1.139]","[0.0365, 0.0225, 0.0244]"
1735819039121,BTC_USDT,96726.2,0.0245,96725.0,96740.6,754417258,7173243825.6653,106414.6,87066.5,93160,96865,96726.1,96726.2,174548556,2316.3,0.0001,UTC+8,"[0.0245, -0.0179, -0.004, 0.5959, 0.7078, 1.1392]","[0.0366, 0.0226, 0.0245]"
1735819041158,BTC_USDT,96726.1,0.0245,96726.2,96740.7,754421792,7173287681.31524,106414.7,87066.6,93160,96865,96726.1,96726.2,174551524,2316.2,0.0001,UTC+8,"[0.0245, -0.0179, -0.004, 0.5959, 0.7078, 1.1392]","[0.0366, 0.0226, 0.0245]"
1735819044116,BTC_USDT,96721.4,0.0244,96721.4,96740.1,754433891,7173404706.61392,106414.1,87066.0,93160,96865,96721.4,96721.5,174578912,2311.5,0.0001,UTC+8,"[0.0244, -0.0179, -0.004, 0.5958, 0.7077, 1.1391]","[0.0365, 0.0226, 0.0244]"
1735819046128,BTC_USDT,96721.5,0.0244,96721.5,96740.1,754439175,7173455814.20501,106414.1,87066.0,93160,96865,96721.4,96721.5,174580156,2311.6,0.0001,UTC+8,"[0.0244, -0.0179, -0.004, 0.5958, 0.7077, 1.1391]","[0.0365, 0.0226, 0.0244]"
1735819049124,BTC_USDT,96721.5,0.0244,96721.4,96740.2,754443878,7173501302.31205,106414.2,87066.1,93160,96865,96721.4,96721.5,174585772,2311.6,0.0001,UTC+8,"[0.0244, -0.0179, -0.004, 0.5958, 0.7077, 1.1391]","[0.0365, 0.0226, 0.0244]"
1735819051123,BTC_USDT,96721.4,0.0244,96721.4,96740.2,754446325,7173524970.03981,106414.2,87066.1,93160,96865,96721.4,96721.5,174589144,2311.5,0.0001,UTC+8,"[0.0244, -0.0179, -0.004, 0.5958, 0.7077, 1.1391]","[0.0365, 0.0226, 0.0244]"
1735819054111,BTC_USDT,96721.5,0.0244,96721.5,96740.1,754449507,7173555746.80931,106414.1,87066.0,93160,96865,96721.4,96721.5,174530200,2311.6,0.0001,UTC+8,"[0.0244, -0.0179, -0.004, 0.5958, 0.7077, 1.1391]","[0.0365, 0.0226, 0.0244]"
1735819056115,BTC_USDT,96701.4,0.0242,96704.2,96725.8,754486779,7173916195.74639,106398.3,87053.2,93160,96865,96701.4,96701.5,174563756,2291.5,0.0001,UTC+8,"[0.0242, -0.0181, -0.0042, 0.5955, 0.7074, 1.1387]","[0.0363, 0.0224, 0.0242]"
1735819058112,BTC_USDT,96701.4,0.0242,96704.1,96725.7,754495139,7173997038.12722,106398.2,87053.1,93160,96865,96701.4,96701.5,174594180,2291.5,0.0001,UTC+8,"[0.0242, -0.0181, -0.0042, 0.5955, 0.7074, 1.1387]","[0.0363, 0.0224, 0.0242]"
1735819061114,BTC_USDT,96698.6,0.0242,96703.7,96725.3,754500730,7174051103.57501,106397.8,87052.7,93160,96865,96698.5,96698.6,174600648,2288.7,0.0001,UTC+8,"[0.0242, -0.0182, -0.0042, 0.5955, 0.7073, 1.1386]","[0.0363, 0.0223, 0.0242]"
1735819063116,BTC_USDT,96697.6,0.0242,96703.6,96725.1,754503982,7174082549.6816,106397.6,87052.5,93160,96865,96697.6,96697.7,174601060,2287.7,0.0001,UTC+8,"[0.0242, -0.0182, -0.0043, 0.5954, 0.7073, 1.1386]","[0.0363, 0.0223, 0.0242]"
1735819066117,BTC_USDT,96695.6,0.0242,96702.5,96724.0,754508386,7174125135.09495,106396.4,87051.6,93160,96865,96695.5,96695.6,174604000,2285.7,0.0001,UTC+8,"[0.0242, -0.0182, -0.0043, 0.5954, 0.7073, 1.1385]","[0.0363, 0.0223, 0.0242]"
1735819068114,BTC_USDT,96695.5,0.0242,96702.3,96723.9,754509975,7174140500.0222,106396.2,87051.5,93160,96865,96695.5,96695.6,174605228,2285.6,0.0001,UTC+8,"[0.0242, -0.0182, -0.0043, 0.5954, 0.7073, 1.1385]","[0.0363, 0.0223, 0.0242]"
1735819070108,BTC_USDT,96695.5,0.0242,96702.5,96724.1,754511002,7174150430.65872,106396.5,87051.6,93160,96865,96695.5,96695.6,174496200,2285.6,0.0001,UTC+8,"[0.0242, -0.0182, -0.0043, 0.5954, 0.7073, 1.1385]","[0.0363, 0.0223, 0.0242]"
1735819073116,BTC_USDT,96695.5,0.0242,96702.3,96724.0,754512664,7174166501.45982,106396.4,87051.6,93160,96865,96695.5,96695.6,174499172,2285.6,0.0001,UTC+8,"[0.0242, -0.0182, -0.0043, 0.5954, 0.7073, 1.1385]","[0.0363, 0.0223, 0.0242]"
1735819075156,BTC_USDT,96695.5,0.0242,96702.3,96724.0,754513715,7174176664.16657,106396.4,87051.6,93160,96865,96695.5,96695.6,174502828,2285.6,0.0001,UTC+8,"[0.0242, -0.0182, -0.0043, 0.5954, 0.7073, 1.1385]","[0.0363, 0.0223, 0.0242]"
1735819078114,BTC_USDT,96695.6,0.0242,96702.2,96724.0,754514489,7174184148.40216,106396.4,87051.6,93160,96865,96695.5,96695.6,174503048,2285.7,0.0001,UTC+8,"[0.0242, -0.0182, -0.0043, 0.5954, 0.7073, 1.1385]","[0.0363, 0.0223, 0.0242]"
1735819080118,BTC_USDT,96695.6,0.0242,96702.2,96724.0,754514573,7174184960.64442,106396.4,87051.6,93160,96865,96695.5,96695.6,174503068,2285.7,0.0001,UTC+8,"[0.0242, -0.0182, -0.0043, 0.5954, 0.7073, 1.1385]","[0.0363, 0.0223, 0.0242]"
1735819083107,BTC_USDT,96695.6,0.0242,96702.3,96724.0,754516587,7174204435.12363,106396.4,87051.6,93160,96865,96695.5,96695.6,174503600,2285.7,0.0001,UTC+8,"[0.0242, -0.0182, -0.0043, 0.5954, 0.7073, 1.1385]","[0.0363, 0.0223, 0.0242]"
1735819085107,BTC_USDT,96695.6,0.0242,96702.3,96724.0,754516636,7174204908.9318,106396.4,87051.6,93160,96865,96699.9,96700.0,174503648,2285.7,0.0001,UTC+8,"[0.0242, -0.0182, -0.0043, 0.5954, 0.7073, 1.1385]","[0.0363, 0.0223, 0.0242]"
1735819087115,BTC_USDT,96712,0.0243,96712.0,96731.5,754517844,7174216590.38581,106404.6,87058.3,93160,96865,96712,96712.1,174506640,2302.1,0.0001,UTC+8,"[0.0243, -0.018, -0.0041, 0.5957, 0.7076, 1.1389]","[0.0364, 0.0225, 0.0243]"
1735819090117,BTC_USDT,96712.1,0.0243,96712.0,96731.4,754520026,7174237692.96344,106404.5,87058.2,93160,96865,96712,96712.1,174506684,2302.2,0.0001,UTC+8,"[0.0243, -0.018, -0.0041, 0.5957, 0.7076, 1.1389]","[0.0364, 0.0225, 0.0243]"
1735819092104,BTC_USDT,96712.1,0.0243,96712.0,96731.4,754521358,7174250575.00302,106404.5,87058.2,93160,96865,96712,96712.1,174506860,2302.2,0.0001,UTC+8,"[0.0243, -0.018, -0.0041, 0.5957, 0.7076, 1.1389]","[0.0364, 0.0225, 0.0243]"
1735819095114,BTC_USDT,96718.3,0.0244,96718.3,96737.0,754524109,7174277182.05727,106410.7,87063.3,93160,96865,96718.4,96718.5,174514220,2308.4,0.0001,UTC+8,"[0.0244, -0.018, -0.004, 0.5958, 0.7077, 1.139]","[0.0365, 0.0225, 0.0244]"
1735819097116,BTC_USDT,96718.5,0.0244,96718.5,96736.9,754525081,7174286583.08786,106410.5,87063.2,93160,96865,96718.4,96718.5,174514680,2308.6,0.0001,UTC+8,"[0.0244, -0.018, -0.004, 0.5958, 0.7077, 1.139]","[0.0365, 0.0226, 0.0244]"
1735819099106,BTC_USDT,96718.4,0.0244,96718.4,96736.9,754544888,7174478153.2841,106410.5,87063.2,93160,96865,96718.4,96718.5,174568800,2308.5,0.0001,UTC+8,"[0.0244, -0.018, -0.004, 0.5958, 0.7077, 1.139]","[0.0365, 0.0225, 0.0244]"
1735819102153,BTC_USDT,96718.4,0.0244,96718.4,96736.9,754545879,7174487738.08153,106410.5,87063.2,93160,96865,96718.4,96718.5,174569864,2308.5,0.0001,UTC+8,"[0.0244, -0.018, -0.004, 0.5958, 0.7077, 1.139]","[0.0365, 0.0225, 0.0244]"
1735819104118,BTC_USDT,96718.4,0.0244,96718.5,96736.9,754580096,7174818679.45896,106410.5,87063.2,93160,96865,96718.4,96718.5,174569872,2308.5,0.0001,UTC+8,"[0.0244, -0.018, -0.004, 0.5958, 0.7077, 1.139]","[0.0365, 0.0225, 0.0244]"
1735819107122,BTC_USDT,96718.4,0.0244,96718.4,96736.9,754581526,7174832510.19747,106410.5,87063.2,93160,96865,96718.4,96718.5,174572832,2308.5,0.0001,UTC+8,"[0.0244, -0.018, -0.004, 0.5958, 0.7077, 1.139]","[0.0365, 0.0225, 0.0244]"
1735819109117,BTC_USDT,96718.4,0.0244,96718.5,96736.9,754588036,7174895473.89315,106410.5,87063.2,93160,96865,96718.4,96718.5,174591304,2308.5,0.0001,UTC+8,"[0.0244, -0.018, -0.004, 0.5958, 0.7077, 1.139]","[0.0365, 0.0225, 0.0244]"
1735819111123,BTC_USDT,96718.4,0.0244,96718.4,96736.9,754590469,7174919005.482,106410.5,87063.2,93160,96865,96718.4,96718.5,174591388,2308.5,0.0001,UTC+8,"[0.0244, -0.018, -0.004, 0.5958, 0.7077, 1.139]","[0.0365, 0.0225, 0.0244]"
1735819114123,BTC_USDT,96718.5,0.0244,96718.5,96736.9,754596928,7174981475.92461,106410.5,87063.2,93160,96865,96718.4,96718.5,174411416,2308.6,0.0001,UTC+8,"[0.0244, -0.018, -0.004, 0.5958, 0.7077, 1.139]","[0.0365, 0.0226, 0.0244]"
1735819116120,BTC_USDT,96725.4,0.0245,96718.5,96739.4,754597544,7174987433.81309,106413.3,87065.4,93160,96865,96725.3,96725.4,174413256,2315.5,0.0001,UTC+8,"[0.0245, -0.0179, -0.004, 0.5959, 0.7078, 1.1392]","[0.0366, 0.0226, 0.0245]"
1735819119121,BTC_USDT,96725.3,0.0245,96725.3,96739.4,754602826,7175038524.15485,106413.3,87065.4,93160,96865,96725.3,96725.4,174428956,2315.4,0.0001,UTC+8,"[0.0245, -0.0179, -0.004, 0.5959, 0.7078, 1.1392]","[0.0366, 0.0226, 0.0245]"
1735819121116,BTC_USDT,96725.3,0.0245,96725.4,96739.5,754603335,7175043447.4727,106413.4,87065.5,93160,96865,96725.3,96725.4,174428972,2315.4,0.0001,UTC+8,"[0.0245, -0.0179, -0.004, 0.5959, 0.7078, 1.1392]","[0.0366, 0.0226, 0.0245]"
1735819123116,BTC_USDT,96710.4,0.0243,96718.1,96739.0,754607487,7175083607.8398,106412.9,87065.1,93160,96865,96711.3,96711.4,174433036,2300.5,0.0001,UTC+8,"[0.0243, -0.0181, -0.0041, 0.5957, 0.7075, 1.1389]","[0.0364, 0.0225, 0.0243]"
1735819126118,BTC_USDT,96706.8,0.0243,96710.0,96731.0,754613815,7175144803.98635,106404.1,87057.9,93160,96865,96706.8,96706.9,174442152,2296.9,0.0001,UTC+8,"[0.0243, -0.0181, -0.0042, 0.5956, 0.7075, 1.1388]","[0.0364, 0.0224, 0.0243]"
1735819128124,BTC_USDT,96706.9,0.0243,96709.9,96730.9,754614684,7175153207.80829,106403.9,87057.8,93160,96865,96706.8,96706.9,174442156,2297.0,0.0001,UTC+8,"[0.0243, -0.0181, -0.0042, 0.5956, 0.7075, 1.1388]","[0.0364, 0.0224, 0.0243]"
1735819131121,BTC_USDT,96706.9,0.0243,96709.8,96730.9,754617090,7175176475.46678,106403.9,87057.8,93160,96865,96706.8,96706.9,174442416,2297.0,0.0001,UTC+8,"[0.0243, -0.0181, -0.0042, 0.5956, 0.7075, 1.1388]","[0.0364, 0.0224, 0.0243]"
1735819133156,BTC_USDT,96706.9,0.0243,96709.8,96730.9,754617574,7175181156.07932,106403.9,87057.8,93160,96865,96706.8,96706.9,174442076,2297.0,0.0001,UTC+8,"[0.0243, -0.0181, -0.0042, 0.5956, 0.7075, 1.1388]","[0.0364, 0.0224, 0.0243]"
1735819136118,BTC_USDT,96706.9,0.0243,96709.8,96730.9,754618204,7175187248.60869,106403.9,87057.8,93160,96865,96706.8,96706.9,174442200,2297.0,0.0001,UTC+8,"[0.0243, -0.0181, -0.0042, 0.5956, 0.7075, 1.1388]","[0.0364, 0.0224, 0.0243]"
1735819138124,BTC_USDT,96706.8,0.0243,96709.8,96730.9,754619802,7175202702.35535,106403.9,87057.8,93160,96865,96706.8,96706.9,174442200,2296.9,0.0001,UTC+8,"[0.0243, -0.0181, -0.0042, 0.5956, 0.7075, 1.1388]","[0.0364, 0.0224, 0.0243]"
1735819140124,BTC_USDT,96706.9,0.0243,96709.7,96730.9,754624146,7175244711.82213,106403.9,87057.8,93160,96865,96706.8,96706.9,174452768,2297.0,0.0001,UTC+8,"[0.0243, -0.0181, -0.0042, 0.5956, 0.7075, 1.1388]","[0.0364, 0.0224, 0.0243]"
1735819143119,BTC_USDT,96706.8,0.0243,96709.7,96730.9,754625033,7175253289.7216,106403.9,87057.8,93160,96865,96706.8,96706.9,174452772,2296.9,0.0001,UTC+8,"[0.0243, -0.0181, -0.0042, 0.5956, 0.7075, 1.1388]","[0.0364, 0.0224, 0.0243]"
1735819145100,BTC_USDT,96706.9,0.0243,96709.6,96730.9,754625579,7175258569.9181,106403.9,87057.8,93160,96865,96706.8,96706.9,174454828,2297.0,0.0001,UTC+8,"[0.0243, -0.0181, -0.0042, 0.5956, 0.7075, 1.1388]","[0.0364, 0.0224, 0.0243]"
1735819148117,BTC_USDT,96706.9,0.0243,96709.6,96730.9,754627093,7175273211.33473,106403.9,87057.8,93160,96865,96706.8,96706.9,174800072,2297.0,0.0001,UTC+8,"[0.0243, -0.0181, -0.0042, 0.5956, 0.7075, 1.1388]","[0.0364, 0.0224, 0.0243]"
1735819150113,BTC_USDT,96706.9,0.0243,96709.5,96730.9,754747355,7176436227.00194,106403.9,87057.8,93160,96865,96706.8,96706.9,174800452,2297.0,0.0001,UTC+8,"[0.0243, -0.0181, -0.0042, 0.5956, 0.7075, 1.1388]","[0.0364, 0.0224, 0.0243]"
1735819152118,BTC_USDT,96706.9,0.0243,96709.5,96730.9,754748769,7176449901.34866,106403.9,87057.8,93160,96865,96706.8,96706.9,174803276,2297.0,0.0001,UTC+8,"[0.0243, -0.0181, -0.0042, 0.5956, 0.7075, 1.1388]","[0.0364, 0.0224, 0.0243]"
1735819155103,BTC_USDT,96709.9,0.0243,96709.9,96731.2,754760033,7176558834.81504,106404.3,87058.0,93160,96865,96709.8,96709.9,174807972,2300.0,0.0001,UTC+8,"[0.0243, -0.0181, -0.0041, 0.5957, 0.7075, 1.1388]","[0.0364, 0.0225, 0.0243]"
1735819157125,BTC_USDT,96709.8,0.0243,96709.9,96731.2,754764832,7176605245.85305,106404.3,87058.0,93160,96865,96709.8,96709.9,174436560,2299.9,0.0001,UTC+8,"[0.0243, -0.0181, -0.0041, 0.5957, 0.7075, 1.1388]","[0.0364, 0.0225, 0.0243]"
1735819160119,BTC_USDT,96709.9,0.0243,96709.9,96731.2,754783450,7176785300.31256,106404.3,87058.0,93160,96865,96709.8,96709.9,174495272,2300.0,0.0001,UTC+8,"[0.0243, -0.0181, -0.0041, 0.5957, 0.7075, 1.1388]","[0.0364, 0.0225, 0.0243]"
1735819162120,BTC_USDT,96711.9,0.0243,96711.9,96731.3,754787274,7176822282.97226,106404.4,87058.1,93160,96865,96711.9,96712.0,174495844,2302.0,0.0001,UTC+8,"[0.0243, -0.018, -0.0041, 0.5957, 0.7076, 1.1389]","[0.0364, 0.0225, 0.0243]"
1735819164119,BTC_USDT,96711.9,0.0243,96712.0,96731.4,754787445,7176823936.74675,106404.5,87058.2,93160,96865,96711.9,96712.0,174496256,2302.0,0.0001,UTC+8,"[0.0243, -0.018, -0.0041, 0.5957, 0.7076, 1.1389]","[0.0364, 0.0225, 0.0243]"
1735819167122,BTC_USDT,96711.9,0.0243,96711.9,96731.4,754792303,7176870919.4308,106404.5,87058.2,93160,96865,96711.9,96712.0,174499880,2302.0,0.0001,UTC+8,"[0.0243, -0.018, -0.0041, 0.5957, 0.7076, 1.1389]","[0.0364, 0.0225, 0.0243]"
1735819169115,BTC_USDT,96707,0.0243,96709.9,96731.1,754792523,7176873047.09275,106404.2,87057.9,93160,96865,96706.8,96706.9,174499884,2297.1,0.0001,UTC+8,"[0.0243, -0.0181, -0.0042, 0.5956, 0.7075, 1.1388]","[0.0364, 0.0224, 0.0243]"
1735819172122,BTC_USDT,96706.9,0.0243,96709.8,96731.0,754799185,7176937473.18217,106404.1,87057.9,93160,96865,96706.8,96706.9,174511920,2297.0,0.0001,UTC+8,"[0.0243, -0.0181, -0.0042, 0.5956, 0.7075, 1.1388]","[0.0364, 0.0224, 0.0243]"
1735819174115,BTC_USDT,96706.9,0.0243,96709.8,96731.0,754799619,7176941670.25976,106404.1,87057.9,93160,96865,96706.8,96706.9,174511932,2297.0,0.0001,UTC+8,"[0.0243, -0.0181, -0.0042, 0.5956, 0.7075, 1.1388]","[0.0364, 0.0224, 0.0243]"
1735819176125,BTC_USDT,96706.9,0.0243,96709.7,96731.0,754799630,7176941776.63727,106404.1,87057.9,93160,96865,96706.8,96706.9,174511936,2297.0,0.0001,UTC+8,"[0.0243, -0.0181, -0.0042, 0.5956, 0.7075, 1.1388]","[0.0364, 0.0224, 0.0243]"
1735819179108,BTC_USDT,96706.8,0.0243,96709.7,96731.0,754801644,7176961253.40591,106404.1,87057.9,93160,96865,96706.8,96706.9,174511936,2296.9,0.0001,UTC+8,"[0.0243, -0.0181, -0.0042, 0.5956, 0.7075, 1.1388]","[0.0364, 0.0224, 0.0243]"
1735819181117,BTC_USDT,96706.9,0.0243,96709.7,96731.0,754802658,7176971059.48534,106404.1,87057.9,93160,96865,96706.8,96706.9,174515340,2297.0,0.0001,UTC+8,"[0.0243, -0.0181, -0.0042, 0.5956, 0.7075, 1.1388]","[0.0364, 0.0224, 0.0243]"
1735819184110,BTC_USDT,96706.8,0.0243,96709.6,96731.0,754805302,7176996628.78187,106404.1,87057.9,93160,96865,96706.8,96706.9,174517360,2296.9,0.0001,UTC+8,"[0.0243, -0.0181, -0.0042, 0.5956, 0.7075, 1.1388]","[0.0364, 0.0224, 0.0243]"
1735819186122,BTC_USDT,96706.8,0.0243,96709.6,96731.0,754806818,7177011289.54671,106404.1,87057.9,93160,96865,96706.8,96706.9,174518844,2296.9,0.0001,UTC+8,"[0.0243, -0.0181, -0.0042, 0.5956, 0.7075, 1.1388]","[0.0364, 0.0224, 0.0243]"
1735819188115,BTC_USDT,96706.9,0.0243,96709.6,96731.0,754808355,7177026153.39352,106404.1,87057.9,93160,96865,96706.8,96706.9,174518844,2297.0,0.0001,UTC+8,"[0.0243, -0.0181, -0.0042, 0.5956, 0.7075, 1.1388]","[0.0364, 0.0224, 0.0243]"
1735819191116,BTC_USDT,96706.8,0.0243,96709.8,96731.2,754811337,7177054991.37806,106404.3,87058.0,93160,96865,96706.8,96706.9,174523492,2296.9,0.0001,UTC+8,"[0.0243, -0.0181, -0.0042, 0.5956, 0.7075, 1.1388]","[0.0364, 0.0224, 0.0243]"
1735819193115,BTC_USDT,96711.3,0.0243,96711.3,96731.3,754812102,7177062389.45682,106404.4,87058.1,93160,96865,96711.2,96711.3,174523552,2301.4,0.0001,UTC+8,"[0.0243, -0.018, -0.0041, 0.5957, 0.7076, 1.1389]","[0.0364, 0.0225, 0.0243]"
1735819195115,BTC_USDT,96711.9,0.0243,96711.9,96733.4,754812262,7177063936.84185,106406.7,87060.0,93160,96865,96715.4,96715.5,174523552,2302.0,0.0001,UTC+8,"[0.0243, -0.018, -0.0041, 0.5957, 0.7076, 1.1389]","[0.0364, 0.0225, 0.0243]"
1735819198123,BTC_USDT,96715.4,0.0244,96715.5,96733.4,754817242,7177112101.14374,106406.7,87060.0,93160,96865,96715.4,96715.5,174528476,2305.5,0.0001,UTC+8,"[0.0244, -0.018, -0.0041, 0.5957, 0.7076, 1.139]","[0.0365, 0.0225, 0.0244]"
1735819200168,BTC_USDT,96715.4,0.0272,96715.5,96733.4,740458495,7042954059.42209,106406.7,87060.0,93375,96865,96715.4,96715.5,174536132,2568.2,0.0001,UTC+8,"[0.0272, -0.018, -0.0041, 0.5957, 0.7076, 1.139]","[0.0352, 0.0205, 0.0272]"
1735819203123,BTC_USDT,96715.5,0.0244,96736.7,96758.1,740458809,7042957096.28859,106433.9,87082.2,93375,96865,96715.4,96715.5,174536132,2305.6,0.0001,UTC+8,"[0.0244, -0.018, -0.0041, 0.5957, 0.7076, 1.139]","[0.0352, 0.0225, 0.0244]"
1735819205115,BTC_USDT,96715.5,0.0244,96737.9,96759.7,740458809,7042957096.28859,106435.6,87083.7,93375,96865,96715.4,96715.5,174537372,2305.6,0.0001,UTC+8,"[0.0244, -0.018, -0.0041, 0.5957, 0.7076, 1.139]","[0.0352, 0.0225, 0.0244]"
1735819208118,BTC_USDT,96725.9,0.0245,96728.8,96750.7,740564335,7043977817.83497,106425.7,87075.6,93375,96865,96725.8,96725.9,174631592,2316.0,0.0001,UTC+8,"[0.0245, -0.0179, -0.004, 0.5959, 0.7078, 1.1392]","[0.0353, 0.0226, 0.0245]"
1735819210125,BTC_USDT,96725.8,0.0245,96729.1,96751.0,740565348,7043987616.16193,106426.1,87075.9,93375,96865,96729.8,96729.9,174634248,2315.9,0.0001,UTC+8,"[0.0245, -0.0179, -0.004, 0.5959, 0.7078, 1.1392]","[0.0353, 0.0226, 0.0245]"
1735819213119,BTC_USDT,96754.3,0.0248,96742.3,96760.8,740584994,7044177689.85051,106436.8,87084.7,93375,96865,96746.3,96746.4,174561880,2344.4,0.0001,UTC+8,"[0.0248, -0.0176, -0.0037, 0.5964, 0.7083, 1.1398]","[0.0356, 0.0229, 0.0248]"
1735819215118,BTC_USDT,96743,0.0247,96747.8,96769.7,740625853,7044572984.65476,106446.6,87092.7,93375,96865,96742.9,96743.0,174584960,2333.1,0.0001,UTC+8,"[0.0247, -0.0177, -0.0038, 0.5962, 0.7081, 1.1396]","[0.0355, 0.0228, 0.0247]"
1735819217119,BTC_USDT,96752.4,0.0248,96752.5,96770.0,740626440,7044578663.78415,106447.0,87093.0,93375,96865,96744.6,96747.6,174585868,2342.5,0.0001,UTC+8,"[0.0248, -0.0176, -0.0037, 0.5964, 0.7083, 1.1398]","[0.0356, 0.0229, 0.0248]"
1735819220122,BTC_USDT,96735.1,0.0246,96747.6,96769.6,740656013,7044864766.62766,106446.5,87092.6,93375,96865,96729.1,96729.2,174663292,2325.2,0.0001,UTC+8,"[0.0246, -0.0178, -0.0039, 0.5961, 0.708, 1.1394]","[0.0354, 0.0227, 0.0246]"
1735819222124,BTC_USDT,96728.7,0.0245,96728.2,96750.2,740657330,7044877505.68397,106425.2,87075.1,93375,96865,96728.7,96728.8,174663588,2318.8,0.0001,UTC+8,"[0.0245, -0.0179, -0.0039, 0.596, 0.7079, 1.1393]","[0.0354, 0.0227, 0.0245]"
1735819225153,BTC_USDT,96734.6,0.0246,96739.3,96761.4,740662041,7044923077.07137,106437.5,87085.2,93375,96865,96734.5,96734.6,174668128,2324.7,0.0001,UTC+8,"[0.0246, -0.0178, -0.0039, 0.5961, 0.708, 1.1394]","[0.0354, 0.0227, 0.0246]"
1735819227102,BTC_USDT,96734.5,0.0246,96739.3,96761.4,740675009,7045048522.41815,106437.5,87085.2,93375,96865,96734.5,96734.6,174706108,2324.6,0.0001,UTC+8,"[0.0246, -0.0178, -0.0039, 0.5961, 0.708, 1.1394]","[0.0354, 0.0227, 0.0246]"
1735819229108,BTC_USDT,96734.5,0.0246,96739.1,96761.2,740688253,7045176637.65001,106437.3,87085.0,93375,96865,96734.5,96734.6,174743748,2324.6,0.0001,UTC+8,"[0.0246, -0.0178, -0.0039, 0.5961, 0.708, 1.1394]","[0.0354, 0.0227, 0.0246]"
1735819232120,BTC_USDT,96734.6,0.0246,96739.0,96761.2,740690045,7045193972.47945,106437.3,87085.0,93375,96865,96734.5,96734.6,174747088,2324.7,0.0001,UTC+8,"[0.0246, -0.0178, -0.0039, 0.5961, 0.708, 1.1394]","[0.0354, 0.0227, 0.0246]"
1735819234120,BTC_USDT,96734.5,0.0246,96739.1,96761.3,740695464,7045246389.8735,106437.4,87085.1,93375,96865,96734.4,96734.5,174623288,2324.6,0.0001,UTC+8,"[0.0246, -0.0178, -0.0039, 0.5961, 0.708, 1.1394]","[0.0354, 0.0227, 0.0246]"
1735819237108,BTC_USDT,96739.8,0.0246,96739.8,96761.5,740700853,7045298520.13997,106437.6,87085.3,93375,96865,96739.7,96739.8,174639896,2329.9,0.0001,UTC+8,"[0.0246, -0.0178, -0.0038, 0.5961, 0.7081, 1.1395]","[0.0355, 0.0228, 0.0246]"
1735819239112,BTC_USDT,96740.2,0.0246,96740.1,96761.7,740705081,7045339421.84021,106437.8,87085.5,93375,96865,96740.1,96740.2,174645872,2330.3,0.0001,UTC+8,"[0.0246, -0.0177, -0.0038, 0.5962, 0.7081, 1.1395]","[0.0355, 0.0228, 0.0246]"
1735819241107,BTC_USDT,96740.6,0.0246,96747.0,96761.9,740706923,7045357242.20893,106438.0,87085.7,93375,96865,96740.5,96740.6,174650936,2330.7,0.0001,UTC+8,"[0.0246, -0.0177, -0.0038, 0.5962, 0.7081, 1.1395]","[0.0355, 0.0228, 0.0246]"
1735819244163,BTC_USDT,96770.7,0.025,96770.0,96792.2,740737743,7045655479.49453,106471.4,87112.9,93375,96865,96770.7,96770.8,174699460,2360.8,0.0001,UTC+8,"[0.025, -0.0174, -0.0035, 0.5967, 0.7086, 1.1402]","[0.0358, 0.0231, 0.025]"
1735819246125,BTC_USDT,96770.8,0.025,96770.8,96792.4,740741541,7045692233.04406,106471.6,87113.1,93375,96865,96770.7,96770.8,174699528,2360.9,0.0001,UTC+8,"[0.025, -0.0174, -0.0035, 0.5967, 0.7086, 1.1402]","[0.0358, 0.0231, 0.025]"
1735819249115,BTC_USDT,96767,0.0249,96770.8,96791.8,740754675,7045819331.75849,106470.9,87112.6,93375,96865,96740.4,96740.5,174739964,2357.1,0.0001,UTC+8,"[0.0249, -0.0175, -0.0035, 0.5966, 0.7085, 1.1401]","[0.0358, 0.0231, 0.0249]"
1735819251123,BTC_USDT,96740.5,0.0246,96741.9,96764.1,740771061,7045977859.98585,106440.5,87087.6,93375,96865,96740.4,96740.5,174654008,2330.6,0.0001,UTC+8,"[0.0246, -0.0177, -0.0038, 0.5962, 0.7081, 1.1395]","[0.0355, 0.0228, 0.0246]"
1735819254124,BTC_USDT,96718.9,0.0244,96724.8,96746.9,740795060,7046210013.76407,106421.5,87072.2,93375,96865,96718.9,96719.0,174658004,2309.0,0.0001,UTC+8,"[0.0244, -0.018, -0.004, 0.5958, 0.7077, 1.139]","[0.0353, 0.0226, 0.0244]"
1735819256124,BTC_USDT,96718.9,0.0244,96723.1,96745.2,740813250,7046385945.45514,106419.7,87070.6,93375,96865,96718.9,96719.0,174710124,2309.0,0.0001,UTC+8,"[0.0244, -0.018, -0.004, 0.5958, 0.7077, 1.139]","[0.0353, 0.0226, 0.0244]"
1735819259124,BTC_USDT,96719,0.0244,96723.2,96745.4,740823242,7046482587.05224,106419.9,87070.8,93375,96865,96718.9,96719.0,174717596,2309.1,0.0001,UTC+8,"[0.0244, -0.018, -0.004, 0.5958, 0.7077, 1.139]","[0.0353, 0.0226, 0.0244]"
1735819261129,BTC_USDT,96719,0.0244,96723.2,96745.4,740828519,7046533625.62858,106419.9,87070.8,93375,96865,96718.9,96719.0,174717596,2309.1,0.0001,UTC+8,"[0.0244, -0.018, -0.004, 0.5958, 0.7077, 1.139]","[0.0353, 0.0226, 0.0244]"
1735819263123,BTC_USDT,96718.9,0.0244,96723.2,96745.4,740829964,7046547601.51859,106419.9,87070.8,93375,96865,96718.9,96719.0,174718184,2309.0,0.0001,UTC+8,"[0.0244, -0.018, -0.004, 0.5958, 0.7077, 1.139]","[0.0353, 0.0226, 0.0244]"
1735819266125,BTC_USDT,96719,0.0244,96723.1,96745.4,740831317,7046560687.58702,106419.9,87070.8,93375,96865,96718.9,96719.0,174718588,2309.1,0.0001,UTC+8,"[0.0244, -0.018, -0.004, 0.5958, 0.7077, 1.139]","[0.0353, 0.0226, 0.0244]"
1735819268124,BTC_USDT,96719,0.0244,96723.0,96745.4,740835193,7046598175.84031,106419.9,87070.8,93375,96865,96718.9,96719.0,174730436,2309.1,0.0001,UTC+8,"[0.0244, -0.018, -0.004, 0.5958, 0.7077, 1.139]","[0.0353, 0.0226, 0.0244]"
1735819271120,BTC_USDT,96728,0.0245,96727.9,96750.3,740836919,7046614870.0659,106425.3,87075.2,93375,96865,96728.2,96728.3,174732684,2318.1,0.0001,UTC+8,"[0.0245, -0.0179, -0.0039, 0.596, 0.7079, 1.1392]","[0.0354, 0.0227, 0.0245]"
1735819273117,BTC_USDT,96754.8,0.0248,96754.9,96776.3,740838355,7046628763.432,106453.9,87098.6,93375,96865,96749.5,96749.6,174626252,2344.9,0.0001,UTC+8,"[0.0248, -0.0176, -0.0037, 0.5964, 0.7083, 1.1398]","[0.0356, 0.0229, 0.0248]"
1735819275113,BTC_USDT,96749.5,0.0247,96749.5,96768.5,740838649,7046631607.86814,106445.3,87091.6,93375,96865,96749.3,96749.4,174626252,2339.6,0.0001,UTC+8,"[0.0247, -0.0177, -0.0037, 0.5963, 0.7082, 1.1397]","[0.0356, 0.0229, 0.0247]"
1735819278123,BTC_USDT,96748.4,0.0247,96748.3,96768.5,740844006,7046683436.06883,106445.3,87091.6,93375,96865,96748.3,96748.4,174633912,2338.5,0.0001,UTC+8,"[0.0247, -0.0177, -0.0037, 0.5963, 0.7082, 1.1397]","[0.0356, 0.0229, 0.0247]"
1735819280118,BTC_USDT,96748.3,0.0247,96748.4,96768.5,740863808,7046875017.11038,106445.3,87091.6,93375,96865,96748.3,96748.4,174689076,2338.4,0.0001,UTC+8,"[0.0247, -0.0177, -0.0037, 0.5963, 0.7082, 1.1397]","[0.0356, 0.0229, 0.0247]"
1735819283119,BTC_USDT,96748.4,0.0247,96748.3,96768.4,740868077,7046916319.00225,106445.2,87091.5,93375,96865,96748.3,96748.4,174689080,2338.5,0.0001,UTC+8,"[0.0247, -0.0177, -0.0037, 0.5963, 0.7082, 1.1397]","[0.0356, 0.0229, 0.0247]"
1735819285111,BTC_USDT,96748.3,0.0247,96748.4,96768.4,740870457,7046939345.11746,106445.2,87091.5,93375,96865,96748.3,96748.4,174690536,2338.4,0.0001,UTC+8,"[0.0247, -0.0177, -0.0037, 0.5963, 0.7082, 1.1397]","[0.0356, 0.0229, 0.0247]"
1735819287126,BTC_USDT,96748.3,0.0247,96748.3,96768.4,740870766,7046942334.64052,106445.2,87091.5,93375,96865,96748.3,96748.4,174691564,2338.4,0.0001,UTC+8,"[0.0247, -0.0177, -0.0037, 0.5963, 0.7082, 1.1397]","[0.0356, 0.0229, 0.0247]"
1735819290123,BTC_USDT,96748.4,0.0247,96748.4,96768.4,740871356,7046948042.79262,106445.2,87091.5,93375,96865,96748.3,96748.4,174692416,2338.5,0.0001,UTC+8,"[0.0247, -0.0177, -0.0037, 0.5963, 0.7082, 1.1397]","[0.0356, 0.0229, 0.0247]"
1735819292119,BTC_USDT,96748.4,0.0247,96748.4,96768.4,740895878,7047185289.1482,106445.2,87091.5,93375,96865,96748.3,96748.4,174697628,2338.5,0.0001,UTC+8,"[0.0247, -0.0177, -0.0037, 0.5963, 0.7082, 1.1397]","[0.0356, 0.0229, 0.0247]"
1735819295119,BTC_USDT,96748.3,0.0247,96748.4,96768.4,740906948,7047292389.60604,106445.2,87091.5,93375,96865,96748.3,96748.4,174733508,2338.4,0.0001,UTC+8,"[0.0247, -0.0177, -0.0037, 0.5963, 0.7082, 1.1397]","[0.0356, 0.0229, 0.0247]"
1735819297120,BTC_USDT,96748.4,0.0247,96748.4,96768.4,740908527,7047307666.16303,106445.2,87091.5,93375,96865,96748.3,96748.4,174733632,2338.5,0.0001,UTC+8,"[0.0247, -0.0177, -0.0037, 0.5963, 0.7082, 1.1397]","[0.0356, 0.0229, 0.0247]"
1735819300125,BTC_USDT,96748.4,0.0247,96748.4,96768.3,740917206,7047391634.01737,106445.1,87091.4,93375,96865,96748.3,96748.4,174738224,2338.5,0.0001,UTC+8,"[0.0247, -0.0177, -0.0037, 0.5963, 0.7082, 1.1397]","[0.0356, 0.0229, 0.0247]"
1735819302123,BTC_USDT,96748.4,0.0247,96748.3,96768.3,740927680,7047492968.21675,106445.1,87091.4,93375,96865,96748.3,96748.4,174768000,2338.5,0.0001,UTC+8,"[0.0247, -0.0177, -0.0037, 0.5963, 0.7082, 1.1397]","[0.0356, 0.0229, 0.0247]"
1735819304120,BTC_USDT,96748.4,0.0247,96748.3,96768.4,740930018,7047515587.97537,106445.2,87091.5,93375,96865,96748.3,96748.4,174774540,2338.5,0.0001,UTC+8,"[0.0247, -0.0177, -0.0037, 0.5963, 0.7082, 1.1397]","[0.0356, 0.0229, 0.0247]"
1735819307111,BTC_USDT,96726.3,0.0245,96738.7,96761.2,740931273,7047527729.15434,106437.3,87085.0,93375,96865,96726.2,96726.3,174777284,2316.4,0.0001,UTC+8,"[0.0245, -0.0179, -0.004, 0.5959, 0.7078, 1.1392]","[0.0353, 0.0226, 0.0245]"
1735819309103,BTC_USDT,96726.4,0.0245,96738.2,96760.8,740933362,7047547935.28462,106436.8,87084.7,93375,96865,96726.4,96726.5,174779284,2316.5,0.0001,UTC+8,"[0.0245, -0.0179, -0.004, 0.5959, 0.7078, 1.1392]","[0.0353, 0.0226, 0.0245]"
1735819312120,BTC_USDT,96726.4,0.0245,96738.1,96760.8,740941754,7047629108.136,106436.8,87084.7,93375,96865,96726.4,96726.5,174785308,2316.5,0.0001,UTC+8,"[0.0245, -0.0179, -0.004, 0.5959, 0.7078, 1.1392]","[0.0353, 0.0226, 0.0245]"
1735819314122,BTC_USDT,96726.5,0.0245,96738.1,96760.8,740942071,7047632174.36482,106436.8,87084.7,93375,96865,96726.4,96726.5,174784820,2316.6,0.0001,UTC+8,"[0.0245, -0.0179, -0.004, 0.5959, 0.7078, 1.1392]","[0.0353, 0.0226, 0.0245]"
1735819316126,BTC_USDT,96726.5,0.0245,96738.0,96760.8,740942955,7047640724.98674,106436.8,87084.7,93375,96865,96726.4,96726.5,174737960,2316.6,0.0001,UTC+8,"[0.0245, -0.0179, -0.004, 0.5959, 0.7078, 1.1392]","[0.0353, 0.0226, 0.0245]"
1735819319105,BTC_USDT,96726.4,0.0245,96734.5,96757.4,740943321,7047644265.17313,106433.1,87081.6,93375,96865,96726.4,96726.5,174742092,2316.5,0.0001,UTC+8,"[0.0245, -0.0179, -0.004, 0.5959, 0.7078, 1.1392]","[0.0353, 0.0226, 0.0245]"
1735819321128,BTC_USDT,96726.4,0.0245,96734.2,96757.2,740947443,7047684135.80241,106432.9,87081.4,93375,96865,96726.4,96726.5,174751052,2316.5,0.0001,UTC+8,"[0.0245, -0.0179, -0.004, 0.5959, 0.7078, 1.1392]","[0.0353, 0.0226, 0.0245]"
1735819324118,BTC_USDT,96715.9,0.0244,96726.5,96749.6,740960623,7047811613.15326,106424.5,87074.6,93375,96865,96715.9,96716.0,174768592,2306.0,0.0001,UTC+8,"[0.0244, -0.018, -0.0041, 0.5958, 0.7076, 1.139]","[0.0352, 0.0225, 0.0244]"
1735819326123,BTC_USDT,96715.9,0.0244,96724.6,96747.9,740963758,7047841933.61508,106422.6,87073.1,93375,96865,96715.9,96716.0,174768632,2306.0,0.0001,UTC+8,"[0.0244, -0.018, -0.0041, 0.5958, 0.7076, 1.139]","[0.0352, 0.0225, 0.0244]"
1735819328117,BTC_USDT,96722.5,0.0244,96724.7,96748.0,740968811,7047890804.17334,106422.8,87073.2,93375,96865,96722.4,96722.5,174782212,2312.6,0.0001,UTC+8,"[0.0244, -0.0179, -0.004, 0.5959, 0.7078, 1.1391]","[0.0353, 0.0226, 0.0244]"
1735819331110,BTC_USDT,96722.4,0.0244,96724.7,96748.1,740980516,7048004017.77014,106422.9,87073.2,93375,96865,96722.4,96722.5,174794896,2312.5,0.0001,UTC+8,"[0.0244, -0.0179, -0.004, 0.5959, 0.7078, 1.1391]","[0.0353, 0.0226, 0.0244]"
1735819333120,BTC_USDT,96726.3,0.0245,96726.3,96748.3,740984689,7048044380.27084,106423.1,87073.4,93375,96865,96726.3,96726.4,174696524,2316.4,0.0001,UTC+8,"[0.0245, -0.0179, -0.004, 0.5959, 0.7078, 1.1392]","[0.0353, 0.0226, 0.0245]"
1735819336122,BTC_USDT,96726.4,0.0245,96726.4,96748.3,740987589,7048072430.90932,106423.1,87073.4,93375,96865,96726.3,96726.4,174696604,2316.5,0.0001,UTC+8,"[0.0245, -0.0179, -0.004, 0.5959, 0.7078, 1.1392]","[0.0353, 0.0226, 0.0245]"
1735819338124,BTC_USDT,96726.1,0.0245,96726.0,96748.1,740988453,7048080788.05442,106422.9,87073.2,93375,96865,96726,96726.1,174697144,2316.2,0.0001,UTC+8,"[0.0245, -0.0179, -0.004, 0.5959, 0.7078, 1.1392]","[0.0353, 0.0226, 0.0245]"
1735819340124,BTC_USDT,96726.1,0.0245,96726.1,96748.1,740990454,7048100142.94389,106422.9,87073.2,93375,96865,96726,96726.1,174702212,2316.2,0.0001,UTC+8,"[0.0245, -0.0179, -0.004, 0.5959, 0.7078, 1.1392]","[0.0353, 0.0226, 0.0245]"
1735819343140,BTC_USDT,96726,0.0245,96726.1,96748.1,741000873,7048200921.78533,106422.9,87073.2,93375,96865,96726,96726.1,174726712,2316.1,0.0001,UTC+8,"[0.0245, -0.0179, -0.004, 0.5959, 0.7078, 1.1392]","[0.0353, 0.0226, 0.0245]"
1735819345122,BTC_USDT,96726,0.0245,96726.1,96748.1,741002019,7048212006.59606,106422.9,87073.2,93375,96865,96726,96726.1,174726712,2316.1,0.0001,UTC+8,"[0.0245, -0.0179, -0.004, 0.5959, 0.7078, 1.1392]","[0.0353, 0.0226, 0.0245]"
1735819347130,BTC_USDT,96726,0.0245,96726.0,96748.1,741002269,7048214424.74773,106422.9,87073.2,93375,96865,96726,96726.1,174726712,2316.1,0.0001,UTC+8,"[0.0245, -0.0179, -0.004, 0.5959, 0.7078, 1.1392]","[0.0353, 0.0226, 0.0245]"
1735819350125,BTC_USDT,96715.2,0.0244,96724.1,96747.9,741011093,7048299774.40673,106422.6,87073.1,93375,96865,96715.1,96715.2,174733664,2305.3,0.0001,UTC+8,"[0.0244, -0.018, -0.0041, 0.5957, 0.7076, 1.139]","[0.0352, 0.0225, 0.0244]"
1735819352125,BTC_USDT,96715.2,0.0244,96724.0,96747.9,741014237,7048330181.66018,106422.6,87073.1,93375,96865,96715.1,96715.2,174735972,2305.3,0.0001,UTC+8,"[0.0244, -0.018, -0.0041, 0.5957, 0.7076, 1.139]","[0.0352, 0.0225, 0.0244]"
1735819355121,BTC_USDT,96715.1,0.0244,96723.8,96747.9,741019005,7048376295.42235,106422.6,87073.1,93375,96865,96715.1,96715.2,174749908,2305.2,0.0001,UTC+8,"[0.0244, -0.018, -0.0041, 0.5957, 0.7076, 1.139]","[0.0352, 0.0225, 0.0244]"
1735819357115,BTC_USDT,96715.1,0.0244,96723.7,96747.8,741024160,7048426152.07962,106422.5,87073.0,93375,96865,96715,96715.1,174749908,2305.2,0.0001,UTC+8,"[0.0244, -0.018, -0.0041, 0.5957, 0.7076, 1.139]","[0.0352, 0.0225, 0.0244]"
1735819359136,BTC_USDT,96715.1,0.0244,96723.6,96747.8,741028474,7048467874.9387,106422.5,87073.0,93375,96865,96715,96715.1,174756928,2305.2,0.0001,UTC+8,"[0.0244, -0.018, -0.0041, 0.5957, 0.7076, 1.139]","[0.0352, 0.0225, 0.0244]"
1735819362132,BTC_USDT,96715,0.0244,96723.7,96747.9,741029296,7048475824.91718,106422.6,87073.1,93375,96865,96715,96715.1,174756908,2305.1,0.0001,UTC+8,"[0.0244, -0.018, -0.0041, 0.5957, 0.7076, 1.139]","[0.0352, 0.0225, 0.0244]"
1735819364118,BTC_USDT,96715.1,0.0244,96723.6,96747.6,741032765,7048509375.35494,106422.3,87072.8,93375,96865,96715,96715.1,174767992,2305.2,0.0001,UTC+8,"[0.0244, -0.018, -0.0041, 0.5957, 0.7076, 1.139]","[0.0352, 0.0225, 0.0244]"
1735819367121,BTC_USDT,96715,0.0244,96722.5,96746.8,741033777,7048519162.92073,106421.4,87072.1,93375,96865,96715,96715.1,174768776,2305.1,0.0001,UTC+8,"[0.0244, -0.018, -0.0041, 0.5957, 0.7076, 1.139]","[0.0352, 0.0225, 0.0244]"
1735819369112,BTC_USDT,96723.2,0.0245,96722.7,96747.1,741045895,7048636365.162,106421.8,87072.3,93375,96865,96723.2,96723.3,174801488,2313.3,0.0001,UTC+8,"[0.0245, -0.0179, -0.004, 0.5959, 0.7078, 1.1391]","[0.0353, 0.0226, 0.0245]"
1735819371122,BTC_USDT,96723.2,0.0245,96723.3,96747.2,741045958,7048636974.51829,106421.9,87072.4,93375,96865,96723.2,96723.3,174801488,2313.3,0.0001,UTC+8,"[0.0245, -0.0179, -0.004, 0.5959, 0.7078, 1.1391]","[0.0353, 0.0226, 0.0245]"
1735819374123,BTC_USDT,96726.1,0.0245,96726.0,96748.2,741047199,7048648978.01866,106423.0,87073.3,93375,96865,96726,96726.1,174682336,2316.2,0.0001,UTC+8,"[0.0245, -0.0179, -0.004, 0.5959, 0.7078, 1.1392]","[0.0353, 0.0226, 0.0245]"
1735819376132,BTC_USDT,96726,0.0245,96726.1,96748.3,741047558,7048652450.48311,106423.1,87073.4,93375,96865,96726,96726.1,174683060,2316.1,0.0001,UTC+8,"[0.0245, -0.0179, -0.004, 0.5959, 0.7078, 1.1392]","[0.0353, 0.0226, 0.0245]"
1735819379124,BTC_USDT,96726.1,0.0245,96726.0,96748.2,741048153,7048658205.6834,106423.0,87073.3,93375,96865,96726,96726.1,174683916,2316.2,0.0001,UTC+8,"[0.0245, -0.0179, -0.004, 0.5959, 0.7078, 1.1392]","[0.0353, 0.0226, 0.0245]"
1735819381120,BTC_USDT,96716.4,0.0244,96726.1,96747.2,741048230,7048658950.46585,106421.9,87072.4,93375,96865,96716.3,96716.4,174683924,2306.5,0.0001,UTC+8,"[0.0244, -0.018, -0.0041, 0.5958, 0.7077, 1.139]","[0.0352, 0.0225, 0.0244]"
1735819383122,BTC_USDT,96715.9,0.0244,96726.1,96746.9,741048354,7048660149.74478,106421.5,87072.2,93375,96865,96715.8,96715.9,174683924,2306.0,0.0001,UTC+8,"[0.0244, -0.018, -0.0041, 0.5958, 0.7076, 1.139]","[0.0352, 0.0225, 0.0244]"
1735819386123,BTC_USDT,96722.2,0.0244,96723.3,96747.4,741049027,7048666658.9513,106422.1,87072.6,93375,96865,96722.1,96722.2,174685396,2312.3,0.0001,UTC+8,"[0.0244, -0.0179, -0.004, 0.5959, 0.7078, 1.1391]","[0.0353, 0.0226, 0.0244]"
1735819388125,BTC_USDT,96722.2,0.0244,96723.1,96747.2,741049204,7048668370.93321,106421.9,87072.4,93375,96865,96722.1,96722.2,174685400,2312.3,0.0001,UTC+8,"[0.0244, -0.0179, -0.004, 0.5959, 0.7078, 1.1391]","[0.0353, 0.0226, 0.0244]"
1735819391119,BTC_USDT,96722.1,0.0244,96723.1,96747.2,741089387,7049057029.49371,106421.9,87072.4,93375,96865,96722.1,96722.2,174777664,2312.2,0.0001,UTC+8,"[0.0244, -0.0179, -0.004, 0.5959, 0.7078, 1.1391]","[0.0353, 0.0226, 0.0244]"
1735819393121,BTC_USDT,96722.2,0.0244,96722.8,96747.0,741098115,7049141448.56683,106421.7,87072.3,93375,96865,96722.1,96722.2,174793328,2312.3,0.0001,UTC+8,"[0.0244, -0.0179, -0.004, 0.5959, 0.7078, 1.1391]","[0.0353, 0.0226, 0.0244]"
1735819395114,BTC_USDT,96722.2,0.0244,96722.8,96747.0,741099444,7049154302.94693,106421.7,87072.3,93375,96865,96722.1,96722.2,174793336,2312.3,0.0001,UTC+8,"[0.0244, -0.0179, -0.004, 0.5959, 0.7078, 1.1391]","[0.0353, 0.0226, 0.0244]"
1735819398120,BTC_USDT,96722.2,0.0244,96722.8,96747.0,741101396,7049173183.11746,106421.7,87072.3,93375,96865,96722.1,96722.2,174668260,2312.3,0.0001,UTC+8,"[0.0244, -0.0179, -0.004, 0.5959, 0.7078, 1.1391]","[0.0353, 0.0226, 0.0244]"
1735819400119,BTC_USDT,96737.4,0.0246,96737.4,96761.5,741102858,7049187324.59028,106437.6,87085.3,93375,96865,96737.7,96737.8,174671264,2327.5,0.0001,UTC+8,"[0.0246, -0.0178, -0.0038, 0.5961, 0.708, 1.1395]","[0.0355, 0.0228, 0.0246]"
1735819403116,BTC_USDT,96737.7,0.0246,96737.7,96761.6,741103593,7049194434.80668,106437.7,87085.4,93375,96865,96737.7,96737.8,174672492,2327.8,0.0001,UTC+8,"[0.0246, -0.0178, -0.0038, 0.5961, 0.708, 1.1395]","[0.0355, 0.0228, 0.0246]"
1735819405121,BTC_USDT,96737.8,0.0246,96737.7,96761.8,741103832,7049196746.83978,106437.9,87085.6,93375,96865,96737.7,96738.9,174672492,2327.9,0.0001,UTC+8,"[0.0246, -0.0178, -0.0038, 0.5961, 0.708, 1.1395]","[0.0355, 0.0228, 0.0246]"
1735819407139,BTC_USDT,96741.6,0.0246,96741.7,96761.9,741108773,7049244546.51815,106438.0,87085.7,93375,96865,96749,96749.1,174684232,2331.7,0.0001,UTC+8,"[0.0246, -0.0177, -0.0038, 0.5962, 0.7081, 1.1395]","[0.0355, 0.0228, 0.0246]"
1735819410125,BTC_USDT,96750,0.0247,96750.0,96769.6,741122879,7049381021.97827,106446.5,87092.6,93375,96865,96753.6,96753.7,174694316,2340.1,0.0001,UTC+8,"[0.0247, -0.0176, -0.0037, 0.5963, 0.7082, 1.1397]","[0.0356, 0.0229, 0.0247]"
1735819412126,BTC_USDT,96753.7,0.0248,96753.7,96769.7,741124844,7049400033.80241,106446.6,87092.7,93375,96865,96753.6,96753.7,174694600,2343.8,0.0001,UTC+8,"[0.0248, -0.0176, -0.0037, 0.5964, 0.7083, 1.1398]","[0.0356, 0.0229, 0.0248]"
1735819415120,BTC_USDT,96753.6,0.0248,96753.6,96769.7,741159272,7049733137.37868,106446.6,87092.7,93375,96865,96753.6,96753.7,174794940,2343.7,0.0001,UTC+8,"[0.0248, -0.0176, -0.0037, 0.5964, 0.7083, 1.1398]","[0.0356, 0.0229, 0.0248]"
1735819417108,BTC_USDT,96753.6,0.0248,96753.6,96769.8,741167206,7049809901.68995,106446.7,87092.8,93375,96865,96753.6,96753.7,174794972,2343.7,0.0001,UTC+8,"[0.0248, -0.0176, -0.0037, 0.5964, 0.7083, 1.1398]","[0.0356, 0.0229, 0.0248]"
1735819419111,BTC_USDT,96749.8,0.0247,96753.0,96769.5,741167710,7049814778.04287,106446.4,87092.5,93375,96865,96749.7,96749.8,174795836,2339.9,0.0001,UTC+8,"[0.0247, -0.0177, -0.0037, 0.5963, 0.7082, 1.1397]","[0.0356, 0.0229, 0.0247]"
1735819422124,BTC_USDT,96749.7,0.0247,96749.8,96769.3,741169620,7049833257.24881,106446.2,87092.3,93375,96865,96749.7,96749.8,174796856,2339.8,0.0001,UTC+8,"[0.0247, -0.0177, -0.0037, 0.5963, 0.7082, 1.1397]","[0.0356, 0.0229, 0.0247]"
1735819424116,BTC_USDT,96745.2,0.0247,96745.2,96769.3,741171114,7049847711.30317,106446.2,87092.3,93375,96865,96745.1,96745.2,174802092,2335.3,0.0001,UTC+8,"[0.0247, -0.0177, -0.0038, 0.5962, 0.7082, 1.1396]","[0.0355, 0.0228, 0.0247]"
1735819427122,BTC_USDT,96753.6,0.0248,96753.6,96769.6,741188143,7050012467.87708,106446.5,87092.6,93375,96865,96753.5,96753.6,174827168,2343.7,0.0001,UTC+8,"[0.0248, -0.0176, -0.0037, 0.5964, 0.7083, 1.1398]","[0.0356, 0.0229, 0.0248]"
1735819429119,BTC_USDT,96753.6,0.0248,96753.6,96769.7,741192896,7050058454.90011,106446.6,87092.7,93375,96865,96753.6,96753.7,174828380,2343.7,0.0001,UTC+8,"[0.0248, -0.0176, -0.0037, 0.5964, 0.7083, 1.1398]","[0.0356, 0.0229, 0.0248]"
1735819431115,BTC_USDT,96753.7,0.0248,96753.7,96769.7,741193829,7050067482.01399,106446.6,87092.7,93375,96865,96753.6,96753.7,174774692,2343.8,0.0001,UTC+8,"[0.0248, -0.0176, -0.0037, 0.5964, 0.7083, 1.1398]","[0.0356, 0.0229, 0.0248]"
1735819434116,BTC_USDT,96753.7,0.0248,96753.7,96769.7,741196941,7050097591.76284,106446.6,87092.7,93375,96865,96753.6,96753.7,174776196,2343.8,0.0001,UTC+8,"[0.0248, -0.0176, -0.0037, 0.5964, 0.7083, 1.1398]","[0.0356, 0.0229, 0.0248]"
1735819436117,BTC_USDT,96753.6,0.0248,96753.7,96769.7,741200721,7050134164.63995,106446.6,87092.7,93375,96865,96753.6,96753.7,174777184,2343.7,0.0001,UTC+8,"[0.0248, -0.0176, -0.0037, 0.5964, 0.7083, 1.1398]","[0.0356, 0.0229, 0.0248]"
1735819439117,BTC_USDT,96753.6,0.0248,96753.7,96769.7,741203685,7050162842.4156,106446.6,87092.7,93375,96865,96753.6,96753.7,174778072,2343.7,0.0001,UTC+8,"[0.0248, -0.0176, -0.0037, 0.5964, 0.7083, 1.1398]","[0.0356, 0.0229, 0.0248]"
1735819441110,BTC_USDT,96753.7,0.0248,96753.7,96769.6,741203755,7050163519.69095,106446.5,87092.6,93375,96865,96753.6,96753.7,174793372,2343.8,0.0001,UTC+8,"[0.0248, -0.0176, -0.0037, 0.5964, 0.7083, 1.1398]","[0.0356, 0.0229, 0.0248]"
1735819443124,BTC_USDT,96753.6,0.0248,96753.7,96769.5,741209577,7050219849.65269,106446.4,87092.5,93375,96865,96753.6,96753.7,174795200,2343.7,0.0001,UTC+8,"[0.0248, -0.0176, -0.0037, 0.5964, 0.7083, 1.1398]","[0.0356, 0.0229, 0.0248]"
1735819446123,BTC_USDT,96752.5,0.0248,96752.5,96769.4,741210079,7050224706.63681,106446.3,87092.4,93375,96865,96752.5,96752.6,174796132,2342.6,0.0001,UTC+8,"[0.0248, -0.0176, -0.0037, 0.5964, 0.7083, 1.1398]","[0.0356, 0.0229, 0.0248]"
1735819448129,BTC_USDT,96752.6,0.0248,96752.5,96769.4,741210099,7050224900.14199,106446.3,87092.4,93375,96865,96746.3,96746.4,174796092,2342.7,0.0001,UTC+8,"[0.0248, -0.0176, -0.0037, 0.5964, 0.7083, 1.1398]","[0.0356, 0.0229, 0.0248]"
1735819451115,BTC_USDT,96746.3,0.0247,96746.4,96769.4,741210385,7050227667.09001,106446.3,87092.4,93375,96865,96746.3,96746.4,174796996,2336.4,0.0001,UTC+8,"[0.0247, -0.0177, -0.0038, 0.5963, 0.7082, 1.1396]","[0.0356, 0.0228, 0.0247]"
1735819453125,BTC_USDT,96746.4,0.0247,96746.4,96769.4,741210646,7050230192.17081,106446.3,87092.4,93375,96865,96746.3,96746.4,174797200,2336.5,0.0001,UTC+8,"[0.0247, -0.0177, -0.0038, 0.5963, 0.7082, 1.1397]","[0.0356, 0.0228, 0.0247]"
1735819455120,BTC_USDT,96746.3,0.0247,96746.4,96769.4,741213482,7050257629.42916,106446.3,87092.4,93375,96865,96746.3,96746.4,174804852,2336.4,0.0001,UTC+8,"[0.0247, -0.0177, -0.0038, 0.5963, 0.7082, 1.1396]","[0.0356, 0.0228, 0.0247]"
1735819458125,BTC_USDT,96746.4,0.0247,96746.3,96769.4,741217157,7050293183.70098,106446.3,87092.4,93375,96865,96746.3,96746.4,174816852,2336.5,0.0001,UTC+8,"[0.0247, -0.0177, -0.0038, 0.5963, 0.7082, 1.1397]","[0.0356, 0.0228, 0.0247]"
1735819460119,BTC_USDT,96746.3,0.0247,96746.4,96769.4,741217804,7050299443.19255,106446.3,87092.4,93375,96865,96746.3,96746.4,174816852,2336.4,0.0001,UTC+8,"[0.0247, -0.0177, -0.0038, 0.5963, 0.7082, 1.1396]","[0.0356, 0.0228, 0.0247]"
1735819463119,BTC_USDT,96746.4,0.0247,96746.4,96769.3,741218190,7050303177.60098,106446.2,87092.3,93375,96865,96746.3,96746.4,174817636,2336.5,0.0001,UTC+8,"[0.0247, -0.0177, -0.0038, 0.5963, 0.7082, 1.1397]","[0.0356, 0.0228, 0.0247]"
1735819465126,BTC_USDT,96746.4,0.0247,96746.4,96769.4,741225906,7050377827.05852,106446.3,87092.4,93375,96865,96746.3,96746.4,174843480,2336.5,0.0001,UTC+8,"[0.0247, -0.0177, -0.0038, 0.5963, 0.7082, 1.1397]","[0.0356, 0.0228, 0.0247]"
1735819467123,BTC_USDT,96746.4,0.0247,96746.3,96769.5,741227739,7050395560.67317,106446.4,87092.5,93375,96865,96749.9,96750.0,174843628,2336.5,0.0001,UTC+8,"[0.0247, -0.0177, -0.0038, 0.5963, 0.7082, 1.1397]","[0.0356, 0.0228, 0.0247]"
1735819470162,BTC_USDT,96750.8,0.0247,96750.8,96772.3,741234818,7050464050.4049,106449.5,87095.0,93375,96865,96750.7,96750.8,174782348,2340.9,0.0001,UTC+8,"[0.0247, -0.0176, -0.0037, 0.5963, 0.7083, 1.1397]","[0.0356, 0.0229, 0.0247]"
1735819472121,BTC_USDT,96756.2,0.0248,96750.8,96772.6,741248061,7050592181.96199,106449.8,87095.3,93375,96865,96757.1,96757.2,174824412,2346.3,0.0001,UTC+8,"[0.0248, -0.0176, -0.0036, 0.5964, 0.7084, 1.1399]","[0.0357, 0.0229, 0.0248]"
1735819475118,BTC_USDT,96760,0.0248,96758.3,96777.5,741258387,7050692094.36303,106455.2,87099.7,93375,96865,96761.6,96761.7,174833192,2350.1,0.0001,UTC+8,"[0.0248, -0.0175, -0.0036, 0.5965, 0.7084, 1.14]","[0.0357, 0.023, 0.0248]"
1735819477123,BTC_USDT,96765.8,0.0249,96765.9,96780.8,741261621,7050723388.30652,106458.8,87102.7,93375,96865,96765.8,96765.9,174842264,2355.9,0.0001,UTC+8,"[0.0249, -0.0175, -0.0036, 0.5966, 0.7085, 1.1401]","[0.0358, 0.0231, 0.0249]"
1735819480123,BTC_USDT,96766.6,0.0249,96766.5,96782.7,741266831,7050773803.67957,106460.9,87104.4,93375,96865,96766.5,96766.6,174843540,2356.7,0.0001,UTC+8,"[0.0249, -0.0175, -0.0035, 0.5966, 0.7085, 1.1401]","[0.0358, 0.0231, 0.0249]"
1735819482121,BTC_USDT,96766.7,0.0249,96766.7,96784.6,741277139,7050873550.6685,106463.0,87106.1,93375,96865,96766.6,96766.7,174844104,2356.8,0.0001,UTC+8,"[0.0249, -0.0175, -0.0035, 0.5966, 0.7085, 1.1401]","[0.0358, 0.0231, 0.0249]"
1735819484113,BTC_USDT,96766.6,0.0249,96766.7,96784.6,741296322,7051059178.21549,106463.0,87106.1,93375,96865,96766.6,96766.7,174844608,2356.7,0.0001,UTC+8,"[0.0249, -0.0175, -0.0035, 0.5966, 0.7085, 1.1401]","[0.0358, 0.0231, 0.0249]"
1735819487122,BTC_USDT,96766.6,0.0249,96766.7,96784.7,741306990,7051162408.88261,106463.1,87106.2,93375,96865,96766.6,96766.7,174849900,2356.7,0.0001,UTC+8,"[0.0249, -0.0175, -0.0035, 0.5966, 0.7085, 1.1401]","[0.0358, 0.0231, 0.0249]"
1735819489121,BTC_USDT,96766.7,0.0249,96766.6,96788.1,741308469,7051176720.66326,106466.9,87109.2,93375,96865,96766.6,96766.7,174850052,2356.8,0.0001,UTC+8,"[0.0249, -0.0175, -0.0035, 0.5966, 0.7085, 1.1401]","[0.0358, 0.0231, 0.0249]"
1735819491120,BTC_USDT,96766.8,0.0249,96766.8,96788.2,741311045,7051201647.78344,106467.0,87109.3,93375,96865,96766.7,96766.8,174850052,2356.9,0.0001,UTC+8,"[0.0249, -0.0175, -0.0035, 0.5966, 0.7085, 1.1401]","[0.0358, 0.0231, 0.0249]"
1735819494116,BTC_USDT,96766.1,0.0249,96766.2,96787.8,741320872,7051296740.0996,106466.5,87109.0,93375,96865,96766.1,96766.2,174863792,2356.2,0.0001,UTC+8,"[0.0249, -0.0175, -0.0035, 0.5966, 0.7085, 1.1401]","[0.0358, 0.0231, 0.0249]"
1735819496122,BTC_USDT,96764.5,0.0249,96764.5,96787.9,741322741,7051314825.61474,106466.6,87109.1,93375,96865,96764.5,96764.6,174777432,2354.6,0.0001,UTC+8,"[0.0249, -0.0175, -0.0036, 0.5966, 0.7085, 1.1401]","[0.0357, 0.023, 0.0249]"
1735819499125,BTC_USDT,96764.5,0.0249,96764.5,96787.9,741332870,7051412838.42897,106466.6,87109.1,93375,96865,96764.5,96764.6,174777636,2354.6,0.0001,UTC+8,"[0.0249, -0.0175, -0.0036, 0.5966, 0.7085, 1.1401]","[0.0357, 0.023, 0.0249]"
1735819501198,BTC_USDT,96764.5,0.0249,96764.6,96787.9,741336723,7051450121.81828,106466.6,87109.1,93375,96865,96764.5,96764.6,174787664,2354.6,0.0001,UTC+8,"[0.0249, -0.0175, -0.0036, 0.5966, 0.7085, 1.1401]","[0.0357, 0.023, 0.0249]"
1735819504115,BTC_USDT,96746.4,0.0247,96755.8,96779.2,741359737,7051672800.45488,106457.1,87101.2,93375,96865,96737.8,96737.9,174800280,2336.5,0.0001,UTC+8,"[0.0247, -0.0177, -0.0038, 0.5963, 0.7082, 1.1397]","[0.0356, 0.0228, 0.0247]"
1735819506108,BTC_USDT,96737.8,0.0246,96748.3,96771.6,741364579,7051719640.94392,106448.7,87094.4,93375,96865,96737.8,96737.9,174808192,2327.9,0.0001,UTC+8,"[0.0246, -0.0178, -0.0038, 0.5961, 0.708, 1.1395]","[0.0355, 0.0228, 0.0246]"
1735819508116,BTC_USDT,96747,0.0247,96748.8,96772.1,741367921,7051751971.23444,106449.3,87094.8,93375,96865,96746.9,96747.0,174817904,2337.1,0.0001,UTC+8,"[0.0247, -0.0177, -0.0037, 0.5963, 0.7082, 1.1397]","[0.0356, 0.0229, 0.0247]"
1735819511114,BTC_USDT,96746.9,0.0247,96748.9,96772.2,741371483,7051786432.50366,106449.4,87094.9,93375,96865,96746.9,96747.0,174823096,2337.0,0.0001,UTC+8,"[0.0247, -0.0177, -0.0037, 0.5963, 0.7082, 1.1397]","[0.0356, 0.0229, 0.0247]"
1735819513113,BTC_USDT,96746.9,0.0247,96748.8,96772.2,741372717,7051798371.07436,106449.4,87094.9,93375,96865,96746.9,96747.0,174823096,2337.0,0.0001,UTC+8,"[0.0247, -0.0177, -0.0037, 0.5963, 0.7082, 1.1397]","[0.0356, 0.0229, 0.0247]"
1735819516122,BTC_USDT,96746.9,0.0247,96748.8,96772.2,741374069,7051811451.26583,106449.4,87094.9,93375,96865,96746.9,96747.0,174826028,2337.0,0.0001,UTC+8,"[0.0247, -0.0177, -0.0037, 0.5963, 0.7082, 1.1397]","[0.0356, 0.0229, 0.0247]"
1735819518112,BTC_USDT,96747,0.0247,96748.8,96772.2,741374105,7051811799.55486,106449.4,87094.9,93375,96865,96746.9,96747.0,174826028,2337.1,0.0001,UTC+8,"[0.0247, -0.0177, -0.0037, 0.5963, 0.7082, 1.1397]","[0.0356, 0.0229, 0.0247]"
1735819520113,BTC_USDT,96746.9,0.0247,96748.8,96772.2,741391866,7051983631.77513,106449.4,87094.9,93375,96865,96746.9,96747.0,174860588,2337.0,0.0001,UTC+8,"[0.0247, -0.0177, -0.0037, 0.5963, 0.7082, 1.1397]","[0.0356, 0.0229, 0.0247]"
1735819523121,BTC_USDT,96747,0.0247,96748.8,96772.1,741394388,7052008031.35561,106449.3,87094.8,93375,96865,96746.9,96747.0,174865524,2337.1,0.0001,UTC+8,"[0.0247, -0.0177, -0.0037, 0.5963, 0.7082, 1.1397]","[0.0356, 0.0229, 0.0247]"
1735819525118,BTC_USDT,96742.2,0.0247,96748.7,96772.0,741394413,7052008273.21321,106449.2,87094.8,93375,96865,96742.1,96742.2,174865568,2332.3,0.0001,UTC+8,"[0.0247, -0.0177, -0.0038, 0.5962, 0.7081, 1.1396]","[0.0355, 0.0228, 0.0247]"
1735819528119,BTC_USDT,96742,0.0247,96748.6,96772.0,741407026,7052130294.13638,106449.2,87094.8,93375,96865,96742,96742.1,174897956,2332.1,0.0001,UTC+8,"[0.0247, -0.0177, -0.0038, 0.5962, 0.7081, 1.1396]","[0.0355, 0.0228, 0.0247]"
1735819530117,BTC_USDT,96742,0.0247,96748.5,96771.9,741407038,7052130410.22685,106449.0,87094.7,93375,96865,96742,96742.1,174897972,2332.1,0.0001,UTC+8,"[0.0247, -0.0177, -0.0038, 0.5962, 0.7081, 1.1396]","[0.0355, 0.0228, 0.0247]"
1735819533124,BTC_USDT,96742.1,0.0247,96748.5,96771.9,741412448,7052182747.65535,106449.0,87094.7,93375,96865,96742,96742.1,174897972,2332.2,0.0001,UTC+8,"[0.0247, -0.0177, -0.0038, 0.5962, 0.7081, 1.1396]","[0.0355, 0.0228, 0.0247]"
1735819535129,BTC_USDT,96742.1,0.0247,96748.4,96771.9,741412580,7052184024.65024,106449.0,87094.7,93375,96865,96742,96742.1,174900748,2332.2,0.0001,UTC+8,"[0.0247, -0.0177, -0.0038, 0.5962, 0.7081, 1.1396]","[0.0355, 0.0228, 0.0247]"
1735819537116,BTC_USDT,96741.8,0.0246,96748.3,96771.8,741413771,7052195546.62625,106448.9,87094.6,93375,96865,96741.8,96741.9,174852340,2331.9,0.0001,UTC+8,"[0.0246, -0.0177, -0.0038, 0.5962, 0.7081, 1.1395]","[0.0355, 0.0228, 0.0246]"
1735819540112,BTC_USDT,96740,0.0246,96748.2,96771.8,741416688,7052223766.15004,106448.9,87094.6,93375,96865,96740,96740.1,174859516,2330.1,0.0001,UTC+8,"[0.0246, -0.0178, -0.0038, 0.5961, 0.7081, 1.1395]","[0.0355, 0.0228, 0.0246]"
1735819542118,BTC_USDT,96740,0.0246,96748.2,96771.9,741416860,7052225430.07881,106449.0,87094.7,93375,96865,96739.9,96740.0,174900444,2330.1,0.0001,UTC+8,"[0.0246, -0.0178, -0.0038, 0.5961, 0.7081, 1.1395]","[0.0355, 0.0228, 0.0246]"
1735819545113,BTC_USDT,96739.9,0.0246,96748.1,96771.9,741432697,7052378637.09964,106449.0,87094.7,93375,96865,96739.9,96740.0,174902912,2330.0,0.0001,UTC+8,"[0.0246, -0.0178, -0.0038, 0.5961, 0.7081, 1.1395]","[0.0355, 0.0228, 0.0246]"
1735819547122,BTC_USDT,96740,0.0246,96747.9,96771.8,741433088,7052382419.63114,106448.9,87094.6,93375,96865,96739.9,96740.0,174902912,2330.1,0.0001,UTC+8,"[0.0246, -0.0178, -0.0038, 0.5961, 0.7081, 1.1395]","[0.0355, 0.0228, 0.0246]"
1735819549120,BTC_USDT,96739.9,0.0246,96747.8,96771.7,741433810,7052389404.25395,106448.8,87094.5,93375,96865,96739.9,96740.0,174902928,2330.0,0.0001,UTC+8,"[0.0246, -0.0178, -0.0038, 0.5961, 0.7081, 1.1395]","[0.0355, 0.0228, 0.0246]"
1735819552122,BTC_USDT,96739.9,0.0246,96747.7,96771.8,741436157,7052412109.11929,106448.9,87094.6,93375,96865,96739.9,96740.0,174855780,2330.0,0.0001,UTC+8,"[0.0246, -0.0178, -0.0038, 0.5961, 0.7081, 1.1395]","[0.0355, 0.0228, 0.0246]"
1735819554117,BTC_USDT,96740,0.0246,96747.6,96771.8,741441636,7052465112.91168,106448.9,87094.6,93375,96865,96739.9,96740.0,174877232,2330.1,0.0001,UTC+8,"[0.0246, -0.0178, -0.0038, 0.5961, 0.7081, 1.1395]","[0.0355, 0.0228, 0.0246]"
1735819557118,BTC_USDT,96740,0.0246,96747.6,96771.8,741446215,7052509410.11947,106448.9,87094.6,93375,96865,96739.9,96740.0,174883864,2330.1,0.0001,UTC+8,"[0.0246, -0.0178, -0.0038, 0.5961, 0.7081, 1.1395]","[0.0355, 0.0228, 0.0246]"
1735819559123,BTC_USDT,96739.9,0.0246,96747.5,96771.8,741453908,7052583832.12464,106448.9,87094.6,93375,96865,96739.9,96740.0,174904720,2330.0,0.0001,UTC+8,"[0.0246, -0.0178, -0.0038, 0.5961, 0.7081, 1.1395]","[0.0355, 0.0228, 0.0246]"
1735819561126,BTC_USDT,96739.9,0.0246,96747.5,96771.8,741454936,7052593776.98889,106448.9,87094.6,93375,96865,96739.9,96740.0,174904720,2330.0,0.0001,UTC+8,"[0.0246, -0.0178, -0.0038, 0.5961, 0.7081, 1.1395]","[0.0355, 0.0228, 0.0246]"
1735819564119,BTC_USDT,96739.9,0.0246,96747.5,96771.8,741457404,7052617652.41548,106448.9,87094.6,93375,96865,96739.9,96740.0,174901592,2330.0,0.0001,UTC+8,"[0.0246, -0.0178, -0.0038, 0.5961, 0.7081, 1.1395]","[0.0355, 0.0228, 0.0246]"
1735819566116,BTC_USDT,96740.1,0.0246,96747.4,96771.8,741458803,7052631186.35135,106448.9,87094.6,93375,96865,96740.1,96740.2,174901876,2330.2,0.0001,UTC+8,"[0.0246, -0.0178, -0.0038, 0.5962, 0.7081, 1.1395]","[0.0355, 0.0228, 0.0246]"
1735819569122,BTC_USDT,96740.4,0.0246,96747.4,96771.8,741460795,7052650457.03006,106448.9,87094.6,93375,96865,96740.4,96740.5,174907464,2330.5,0.0001,UTC+8,"[0.0246, -0.0177, -0.0038, 0.5962, 0.7081, 1.1395]","[0.0355, 0.0228, 0.0246]"
1735819571118,BTC_USDT,96740.5,0.0246,96747.3,96771.8,741461321,7052655545.57868,106448.9,87094.6,93375,96865,96740.4,96740.5,174909252,2330.6,0.0001,UTC+8,"[0.0246, -0.0177, -0.0038, 0.5962, 0.7081, 1.1395]","[0.0355, 0.0228, 0.0246]"
1735819573121,BTC_USDT,96737.8,0.0246,96747.0,96771.4,741469017,7052729995.42689,106448.5,87094.2,93375,96865,96736,96736.1,174936516,2327.9,0.0001,UTC+8,"[0.0246, -0.0178, -0.0038, 0.5961, 0.708, 1.1395]","[0.0355, 0.0228, 0.0246]"
1735819576113,BTC_USDT,96735.9,0.0246,96744.2,96768.8,741475344,7052791200.30476,106445.6,87091.9,93375,96865,96735.9,96736.0,174877424,2326.0,0.0001,UTC+8,"[0.0246, -0.0178, -0.0039, 0.5961, 0.708, 1.1394]","[0.0354, 0.0227, 0.0246]"
1735819578117,BTC_USDT,96735.9,0.0246,96743.2,96767.8,741476010,7052797642.91894,106444.5,87091.0,93375,96865,96735.9,96736.0,174878532,2326.0,0.0001,UTC+8,"[0.0246, -0.0178, -0.0039, 0.5961, 0.708, 1.1394]","[0.0354, 0.0227, 0.0246]"
1735819581121,BTC_USDT,96736,0.0246,96743.1,96767.8,741476960,7052806832.83457,106444.5,87091.0,93375,96865,96735.9,96736.0,174880940,2326.1,0.0001,UTC+8,"[0.0246, -0.0178, -0.0039, 0.5961, 0.708, 1.1394]","[0.0354, 0.0227, 0.0246]"
1735819583120,BTC_USDT,96736,0.0246,96742.8,96767.7,741479176,7052828269.51647,106444.4,87090.9,93375,96865,96735.9,96736.0,174881088,2326.1,0.0001,UTC+8,"[0.0246, -0.0178, -0.0039, 0.5961, 0.708, 1.1394]","[0.0354, 0.0227, 0.0246]"
1735819585111,BTC_USDT,96736,0.0246,96742.8,96767.7,741479305,7052829517.41062,106444.4,87090.9,93375,96865,96735.9,96736.0,174881088,2326.1,0.0001,UTC+8,"[0.0246, -0.0178, -0.0039, 0.5961, 0.708, 1.1394]","[0.0354, 0.0227, 0.0246]"
1735819588120,BTC_USDT,96735.9,0.0246,96742.4,96767.5,741482207,7052857590.17856,106444.2,87090.7,93375,96865,96735.9,96736.0,174888972,2326.0,0.0001,UTC+8,"[0.0246, -0.0178, -0.0039, 0.5961, 0.708, 1.1394]","[0.0354, 0.0227, 0.0246]"
1735819590112,BTC_USDT,96735.9,0.0246,96739.3,96764.4,741482460,7052860037.59927,106440.8,87087.9,93375,96865,96735.9,96736.0,174888972,2326.0,0.0001,UTC+8,"[0.0246, -0.0178, -0.0039, 0.5961, 0.708, 1.1394]","[0.0354, 0.0227, 0.0246]"
1735819593170,BTC_USDT,96736,0.0246,96739.1,96764.3,741485118,7052885750.00903,106440.7,87087.8,93375,96865,96735.9,96736.0,174889120,2326.1,0.0001,UTC+8,"[0.0246, -0.0178, -0.0039, 0.5961, 0.708, 1.1394]","[0.0354, 0.0227, 0.0246]"
1735819595120,BTC_USDT,96735.9,0.0246,96739.0,96764.3,741485170,7052886253.0361,106440.7,87087.8,93375,96865,96735.9,96736.0,174889124,2326.0,0.0001,UTC+8,"[0.0246, -0.0178, -0.0039, 0.5961, 0.708, 1.1394]","[0.0354, 0.0227, 0.0246]"
1735819597124,BTC_USDT,96735.9,0.0246,96738.9,96764.2,741485200,7052886543.24396,106440.6,87087.7,93375,96865,96735.9,96736.0,174889124,2326.0,0.0001,UTC+8,"[0.0246, -0.0178, -0.0039, 0.5961, 0.708, 1.1394]","[0.0354, 0.0227, 0.0246]"
1735819600108,BTC_USDT,96735.9,0.0246,96738.8,96764.2,741485468,7052889135.76693,106440.6,87087.7,93375,96865,96735.9,96736.0,174889732,2326.0,0.0001,UTC+8,"[0.0246, -0.0178, -0.0039, 0.5961, 0.708, 1.1394]","[0.0354, 0.0227, 0.0246]"
1735819602118,BTC_USDT,96735.9,0.0246,96738.7,96764.2,741486879,7052902785.20451,106440.6,87087.7,93375,96865,96735.9,96736.0,174894540,2326.0,0.0001,UTC+8,"[0.0246, -0.0178, -0.0039, 0.5961, 0.708, 1.1394]","[0.0354, 0.0227, 0.0246]"
1735819605115,BTC_USDT,96736,0.0246,96738.7,96764.2,741487979,7052913426.16198,106440.6,87087.7,93375,96865,96735.9,96736.0,174896744,2326.1,0.0001,UTC+8,"[0.0246, -0.0178, -0.0039, 0.5961, 0.708, 1.1394]","[0.0354, 0.0227, 0.0246]"
1735819607118,BTC_USDT,96735.9,0.0246,96738.8,96764.4,741487997,7052913600.28674,106440.8,87087.9,93375,96865,96735.9,96736.0,174896744,2326.0,0.0001,UTC+8,"[0.0246, -0.0178, -0.0039, 0.5961, 0.708, 1.1394]","[0.0354, 0.0227, 0.0246]"
1735819609115,BTC_USDT,96736,0.0246,96738.8,96764.4,741488108,7052914674.05583,106440.8,87087.9,93375,96865,96735.9,96736.0,174897024,2326.1,0.0001,UTC+8,"[0.0246, -0.0178, -0.0039, 0.5961, 0.708, 1.1394]","[0.0354, 0.0227, 0.0246]"
1735819612120,BTC_USDT,96735.9,0.0246,96738.8,96764.4,741491377,7052946297.03795,106440.8,87087.9,93375,96865,96735.9,96736.0,174901328,2326.0,0.0001,UTC+8,"[0.0246, -0.0178, -0.0039, 0.5961, 0.708, 1.1394]","[0.0354, 0.0227, 0.0246]"
1735819614117,BTC_USDT,96736,0.0246,96738.9,96764.4,741492736,7052959443.45008,106440.8,87087.9,93375,96865,96735.9,96736.0,174901964,2326.1,0.0001,UTC+8,"[0.0246, -0.0178, -0.0039, 0.5961, 0.708, 1.1394]","[0.0354, 0.0227, 0.0246]"
1735819617117,BTC_USDT,96761.6,0.0249,96759.8,96780.3,741504272,7053071062.25963,106458.3,87102.2,93375,96865,96761.6,96761.7,174912264,2351.7,0.0001,UTC+8,"[0.0249, -0.0175, -0.0036, 0.5965, 0.7085, 1.14]","[0.0357, 0.023, 0.0249]"
1735819619123,BTC_USDT,96761.9,0.0249,96761.7,96780.6,741504954,7053077661.40758,106458.6,87102.5,93375,96865,96761.9,96762.0,174843796,2352.0,0.0001,UTC+8,"[0.0249, -0.0175, -0.0036, 0.5965, 0.7085, 1.14]","[0.0357, 0.023, 0.0249]"
1735819622121,BTC_USDT,96762,0.0249,96762.0,96780.8,741505125,7053079316.03658,106458.8,87102.7,93375,96865,96761.9,96762.0,174844180,2352.1,0.0001,UTC+8,"[0.0249, -0.0175, -0.0036, 0.5965, 0.7085, 1.14]","[0.0357, 0.023, 0.0249]"
1735819624153,BTC_USDT,96762,0.0249,96762.0,96780.6,741505370,7053081686.70415,106458.6,87102.5,93375,96865,96761.9,96762.0,174844676,2352.1,0.0001,UTC+8,"[0.0249, -0.0175, -0.0036, 0.5965, 0.7085, 1.14]","[0.0357, 0.023, 0.0249]"
1735819626111,BTC_USDT,96761.9,0.0249,96761.9,96780.6,741509395,7053120633.38509,106458.6,87102.5,93375,96865,96761.9,96762.0,174856300,2352.0,0.0001,UTC+8,"[0.0249, -0.0175, -0.0036, 0.5965, 0.7085, 1.14]","[0.0357, 0.023, 0.0249]"
1735819629118,BTC_USDT,96767.3,0.0249,96762.0,96780.8,741511497,7053140972.86791,106458.8,87102.7,93375,96865,96767.2,96767.3,174861540,2357.4,0.0001,UTC+8,"[0.0249, -0.0175, -0.0035, 0.5966, 0.7086, 1.1401]","[0.0358, 0.0231, 0.0249]"
1735819631120,BTC_USDT,96767.3,0.0249,96767.3,96780.8,741516847,7053192743.39873,106458.8,87102.7,93375,96865,96767.3,96767.4,174863460,2357.4,0.0001,UTC+8,"[0.0249, -0.0175, -0.0035, 0.5966, 0.7086, 1.1401]","[0.0358, 0.0231, 0.0249]"
1735819633121,BTC_USDT,96767.4,0.0249,96767.4,96780.8,741518368,7053207461.70781,106458.8,87102.7,93375,96865,96767.3,96767.4,174867032,2357.5,0.0001,UTC+8,"[0.0249, -0.0175, -0.0035, 0.5966, 0.7086, 1.1401]","[0.0358, 0.0231, 0.0249]"
1735819636119,BTC_USDT,96767.3,0.0249,96767.4,96780.8,741520892,7053231885.78348,106458.8,87102.7,93375,96865,96767.3,96767.4,174871444,2357.4,0.0001,UTC+8,"[0.0249, -0.0175, -0.0035, 0.5966, 0.7086, 1.1401]","[0.0358, 0.0231, 0.0249]"
1735819638107,BTC_USDT,96763.4,0.0249,96767.3,96780.6,741522622,7053248626.53254,106458.6,87102.5,93375,96865,96763.3,96763.4,174871444,2353.5,0.0001,UTC+8,"[0.0249, -0.0175, -0.0036, 0.5965, 0.7085, 1.14]","[0.0357, 0.023, 0.0249]"
1735819641122,BTC_USDT,96763.3,0.0249,96763.4,96780.6,741523649,7053258564.12593,106458.6,87102.5,93375,96865,96763.3,96763.4,174874188,2353.4,0.0001,UTC+8,"[0.0249, -0.0175, -0.0036, 0.5965, 0.7085, 1.14]","[0.0357, 0.023, 0.0249]"
1735819643118,BTC_USDT,96763.3,0.0249,96763.3,96780.6,741525052,7053272140.01949,106458.6,87102.5,93375,96865,96763.3,96763.4,174876640,2353.4,0.0001,UTC+8,"[0.0249, -0.0175, -0.0036, 0.5965, 0.7085, 1.14]","[0.0357, 0.023, 0.0249]"
1735819645115,BTC_USDT,96763.3,0.0249,96763.4,96780.6,741527052,7053291492.69028,106458.6,87102.5,93375,96865,96763.3,96763.4,174877648,2353.4,0.0001,UTC+8,"[0.0249, -0.0175, -0.0036, 0.5965, 0.7085, 1.14]","[0.0357, 0.023, 0.0249]"
1735819648117,BTC_USDT,96763.3,0.0249,96763.3,96780.6,741529165,7053311938.77722,106458.6,87102.5,93375,96865,96763.3,96763.4,174882920,2353.4,0.0001,UTC+8,"[0.0249, -0.0175, -0.0036, 0.5965, 0.7085, 1.14]","[0.0357, 0.023, 0.0249]"
1735819650128,BTC_USDT,96763.3,0.0249,96763.3,96780.6,741540892,7053425413.19306,106458.6,87102.5,93375,96865,96763.3,96763.4,174919884,2353.4,0.0001,UTC+8,"[0.0249, -0.0175, -0.0036, 0.5965, 0.7085, 1.14]","[0.0357, 0.023, 0.0249]"
1735819653119,BTC_USDT,96763.3,0.0249,96763.3,96780.4,741555704,7053568738.90228,106458.4,87102.3,93375,96865,96762.8,96762.9,174956196,2353.4,0.0001,UTC+8,"[0.0249, -0.0175, -0.0036, 0.5965, 0.7085, 1.14]","[0.0357, 0.023, 0.0249]"
1735819655153,BTC_USDT,96762.8,0.0249,96762.8,96780.4,741556114,7053572706.17812,106458.4,87102.3,93375,96865,96762.8,96762.9,174957184,2352.9,0.0001,UTC+8,"[0.0249, -0.0175, -0.0036, 0.5965, 0.7085, 1.14]","[0.0357, 0.023, 0.0249]"
1735819657118,BTC_USDT,96762.9,0.0249,96762.9,96780.5,741559692,7053607327.90812,106458.5,87102.4,93375,96865,96762.8,96762.9,174884896,2353.0,0.0001,UTC+8,"[0.0249, -0.0175, -0.0036, 0.5965, 0.7085, 1.14]","[0.0357, 0.023, 0.0249]"
1735819660118,BTC_USDT,96773.7,0.025,96773.7,96789.9,741569572,7053702933.97579,106468.8,87110.9,93375,96865,96773.6,96773.7,174910420,2363.8,0.0001,UTC+8,"[0.025, -0.0174, -0.0035, 0.5967, 0.7087, 1.1403]","[0.0358, 0.0231, 0.025]"
1735819662113,BTC_USDT,96774.5,0.025,96773.6,96789.9,741573490,7053740850.21926,106468.8,87110.9,93375,96865,96774.4,96774.5,174925396,2364.6,0.0001,UTC+8,"[0.025, -0.0174, -0.0035, 0.5967, 0.7087, 1.1403]","[0.0359, 0.0231, 0.025]"
1735819665102,BTC_USDT,96774.4,0.025,96774.5,96790.0,741575921,7053764376.08424,106469.0,87111.0,93375,96865,96774.4,96774.5,174925924,2364.5,0.0001,UTC+8,"[0.025, -0.0174, -0.0035, 0.5967, 0.7087, 1.1403]","[0.0359, 0.0231, 0.025]"
1735819667115,BTC_USDT,96774.4,0.025,96773.5,96789.9,741576151,7053766601.89576,106468.8,87110.9,93375,96865,96772.3,96772.4,174926896,2364.5,0.0001,UTC+8,"[0.025, -0.0174, -0.0035, 0.5967, 0.7087, 1.1403]","[0.0359, 0.0231, 0.025]"
1735819669096,BTC_USDT,96735.9,0.0246,96752.0,96775.5,741841191,7056331155.7672,106453.0,87097.9,93375,96865,96725.1,96725.2,175985928,2326.0,0.0001,UTC+8,"[0.0246, -0.0178, -0.0039, 0.5961, 0.708, 1.1394]","[0.0354, 0.0227, 0.0246]"
1735819672113,BTC_USDT,96729.7,0.0245,96729.7,96748.3,741949929,7057382925.96791,106423.1,87073.4,93375,96865,96729.7,96729.8,175989356,2319.8,0.0001,UTC+8,"[0.0245, -0.0179, -0.0039, 0.596, 0.7079, 1.1393]","[0.0354, 0.0227, 0.0245]"
1735819674105,BTC_USDT,96729.9,0.0245,96729.9,96748.3,741959233,7057472923.40034,106423.1,87073.4,93375,96865,96729.8,96729.9,175989660,2320.0,0.0001,UTC+8,"[0.0245, -0.0179, -0.0039, 0.596, 0.7079, 1.1393]","[0.0354, 0.0227, 0.0245]"
1735819677116,BTC_USDT,96729.9,0.0245,96729.8,96748.3,741974112,7057616847.76198,106423.1,87073.4,93375,96865,96729.8,96729.9,175989912,2320.0,0.0001,UTC+8,"[0.0245, -0.0179, -0.0039, 0.596, 0.7079, 1.1393]","[0.0354, 0.0227, 0.0245]"
1735819679118,BTC_USDT,96729.8,0.0245,96729.8,96748.2,741974649,7057622042.1523,106423.0,87073.3,93375,96865,96729.8,96729.9,176010588,2319.9,0.0001,UTC+8,"[0.0245, -0.0179, -0.0039, 0.596, 0.7079, 1.1393]","[0.0354, 0.0227, 0.0245]"
1735819681115,BTC_USDT,96729.8,0.0245,96729.9,96748.3,741982872,7057701583.08763,106423.1,87073.4,93375,96865,96729.8,96729.9,176010612,2319.9,0.0001,UTC+8,"[0.0245, -0.0179, -0.0039, 0.596, 0.7079, 1.1393]","[0.0354, 0.0227, 0.0245]"
1735819684119,BTC_USDT,96729.8,0.0245,96729.8,96748.4,741989242,7057763200.00513,106423.2,87073.5,93375,96865,96729.8,96729.9,176016952,2319.9,0.0001,UTC+8,"[0.0245, -0.0179, -0.0039, 0.596, 0.7079, 1.1393]","[0.0354, 0.0227, 0.0245]"
1735819686119,BTC_USDT,96729.8,0.0245,96729.9,96748.4,741991465,7057784703.06071,106423.2,87073.5,93375,96865,96729.8,96729.9,176016716,2319.9,0.0001,UTC+8,"[0.0245, -0.0179, -0.0039, 0.596, 0.7079, 1.1393]","[0.0354, 0.0227, 0.0245]"
1735819689109,BTC_USDT,96729.9,0.0245,96729.8,96748.4,741992293,7057792712.28906,106423.2,87073.5,93375,96865,96729.8,96729.9,176016716,2320.0,0.0001,UTC+8,"[0.0245, -0.0179, -0.0039, 0.596, 0.7079, 1.1393]","[0.0354, 0.0227, 0.0245]"
1735819691112,BTC_USDT,96729.8,0.0245,96729.8,96748.4,741997376,7057841880.07848,106423.2,87073.5,93375,96865,96729.8,96729.9,176021020,2319.9,0.0001,UTC+8,"[0.0245, -0.0179, -0.0039, 0.596, 0.7079, 1.1393]","[0.0354, 0.0227, 0.0245]"
1735819694113,BTC_USDT,96729.9,0.0245,96729.8,96748.4,742013601,7057998824.22486,106423.2,87073.5,93375,96865,96729.8,96729.9,176021020,2320.0,0.0001,UTC+8,"[0.0245, -0.0179, -0.0039, 0.596, 0.7079, 1.1393]","[0.0354, 0.0227, 0.0245]"
1735819696121,BTC_USDT,96725,0.0245,96729.8,96748.2,742014669,7058009154.77835,106423.0,87073.3,93375,96865,96723.9,96724.0,176025120,2315.1,0.0001,UTC+8,"[0.0245, -0.0179, -0.004, 0.5959, 0.7078, 1.1392]","[0.0353, 0.0226, 0.0245]"
1735819698100,BTC_USDT,96714.4,0.0244,96723.7,96746.7,742021126,7058071608.37142,106421.3,87072.0,93375,96865,96709.6,96709.7,175881504,2304.5,0.0001,UTC+8,"[0.0244, -0.018, -0.0041, 0.5957, 0.7076, 1.1389]","[0.0352, 0.0225, 0.0244]"
1735819701145,BTC_USDT,96691.2,0.0241,96712.5,96735.6,742080012,7058641008.48933,106409.1,87062.0,93375,96865,96691.1,96691.2,175900996,2281.3,0.0001,UTC+8,"[0.0241, -0.0182, -0.0043, 0.5953, 0.7072, 1.1384]","[0.035, 0.0223, 0.0241]"
1735819703119,BTC_USDT,96690.5,0.0241,96696.4,96719.5,742113568,7058965462.06979,106391.4,87047.5,93375,96865,96690.5,96690.6,175900996,2280.6,0.0001,UTC+8,"[0.0241, -0.0183, -0.0043, 0.5953, 0.7072, 1.1384]","[0.035, 0.0223, 0.0241]"
1735819706117,BTC_USDT,96677.1,0.024,96695.9,96719.1,742146454,7059283433.82286,106391.0,87047.1,93375,96865,96677.1,96677.2,175928500,2267.2,0.0001,UTC+8,"[0.024, -0.0184, -0.0045, 0.5951, 0.707, 1.1381]","[0.0348, 0.0221, 0.024]"
1735819708124,BTC_USDT,96677.1,0.024,96686.0,96709.2,742150186,7059319514.00452,106380.1,87038.2,93375,96865,96677.1,96677.2,175931468,2267.2,0.0001,UTC+8,"[0.024, -0.0184, -0.0045, 0.5951, 0.707, 1.1381]","[0.0348, 0.0221, 0.024]"
1735819710126,BTC_USDT,96674.3,0.0239,96685.8,96709.1,742156152,7059377189.98129,106380.0,87038.1,93375,96865,96674.3,96674.4,175938548,2264.4,0.0001,UTC+8,"[0.0239, -0.0184, -0.0045, 0.5951, 0.7069, 1.1381]","[0.0348, 0.0221, 0.0239]"
1735819713120,BTC_USDT,96674.3,0.0239,96685.5,96709.0,742171333,7059523951.32774,106379.9,87038.1,93375,96865,96674.3,96674.4,175673912,2264.4,0.0001,UTC+8,"[0.0239, -0.0184, -0.0045, 0.5951, 0.7069, 1.1381]","[0.0348, 0.0221, 0.0239]"
1735819715129,BTC_USDT,96674.4,0.0239,96685.4,96709.0,742175645,7059565637.31018,106379.9,87038.1,93375,96865,96674.3,96674.4,175680156,2264.5,0.0001,UTC+8,"[0.0239, -0.0184, -0.0045, 0.5951, 0.7069, 1.1381]","[0.0348, 0.0221, 0.0239]"
1735819718123,BTC_USDT,96674.3,0.0239,96685.3,96709.0,742189675,7059701271.39621,106379.9,87038.1,93375,96865,96674.3,96674.4,175691012,2264.4,0.0001,UTC+8,"[0.0239, -0.0184, -0.0045, 0.5951, 0.7069, 1.1381]","[0.0348, 0.0221, 0.0239]"
1735819720122,BTC_USDT,96667,0.0239,96678.0,96701.9,742200485,7059805776.00336,106372.0,87031.7,93375,96865,96666.7,96667.1,175728392,2257.1,0.0001,UTC+8,"[0.0239, -0.0185, -0.0046, 0.5949, 0.7068, 1.1379]","[0.0347, 0.022, 0.0239]"
1735819723122,BTC_USDT,96665,0.0238,96672.0,96696.0,742226929,7060061399.88003,106365.6,87026.4,93375,96865,96665,96665.1,175748420,2255.1,0.0001,UTC+8,"[0.0238, -0.0185, -0.0046, 0.5949, 0.7067, 1.1379]","[0.0347, 0.022, 0.0238]"
1735819725122,BTC_USDT,96660,0.0238,96671.9,96696.0,742231368,7060104309.39691,106365.6,87026.4,93375,96865,96659.8,96659.9,175749132,2250.1,0.0001,UTC+8,"[0.0238, -0.0186, -0.0046, 0.5948, 0.7067, 1.1377]","[0.0346, 0.0219, 0.0238]"
1735819727120,BTC_USDT,96655.8,0.0237,96664.1,96688.2,742336394,7061119483.90687,106357.0,87019.3,93375,96865,96655.8,96655.9,175783872,2245.9,0.0001,UTC+8,"[0.0237, -0.0186, -0.0047, 0.5948, 0.7066, 1.1376]","[0.0346, 0.0219, 0.0237]"
1735819730111,BTC_USDT,96664.9,0.0238,96665.0,96688.5,742339883,7061153207.20395,106357.3,87019.6,93375,96865,96664.9,96665.0,175784136,2255.0,0.0001,UTC+8,"[0.0238, -0.0185, -0.0046, 0.5949, 0.7067, 1.1378]","[0.0347, 0.022, 0.0238]"
1735819732119,BTC_USDT,96665,0.0238,96664.9,96688.6,742340024,7061154570.18039,106357.4,87019.7,93375,96865,96664.9,96665.0,175423048,2255.1,0.0001,UTC+8,"[0.0238, -0.0185, -0.0046, 0.5949, 0.7067, 1.1379]","[0.0347, 0.022, 0.0238]"
1735819735117,BTC_USDT,96656.6,0.0237,96663.8,96688.2,742345921,7061211570.98839,106357.0,87019.3,93375,96865,96656.5,96656.6,175429880,2246.7,0.0001,UTC+8,"[0.0237, -0.0186, -0.0047, 0.5948, 0.7066, 1.1377]","[0.0346, 0.0219, 0.0237]"
1735819737152,BTC_USDT,96656.6,0.0237,96663.5,96688.1,742353470,7061284537.00321,106356.9,87019.2,93375,96865,96656.5,96656.6,175447588,2246.7,0.0001,UTC+8,"[0.0237, -0.0186, -0.0047, 0.5948, 0.7066, 1.1377]","[0.0346, 0.0219, 0.0237]"
1735819739116,BTC_USDT,96656.5,0.0237,96663.6,96688.2,742353845,7061288161.6237,106357.0,87019.3,93375,96865,96656.5,96656.6,175447700,2246.6,0.0001,UTC+8,"[0.0237, -0.0186, -0.0047, 0.5948, 0.7066, 1.1377]","[0.0346, 0.0219, 0.0237]"
1735819742119,BTC_USDT,96656.7,0.0237,96663.5,96688.3,742359146,7061339401.43036,106357.1,87019.4,93375,96865,96656.6,96656.7,175456684,2246.8,0.0001,UTC+8,"[0.0237, -0.0186, -0.0047, 0.5948, 0.7066, 1.1377]","[0.0346, 0.0219, 0.0237]"
1735819744106,BTC_USDT,96656.6,0.0237,96660.8,96685.7,742370059,7061444882.78919,106354.2,87017.1,93375,96865,96656.6,96656.7,175485656,2246.7,0.0001,UTC+8,"[0.0237, -0.0186, -0.0047, 0.5948, 0.7066, 1.1377]","[0.0346, 0.0219, 0.0237]"
1735819747159,BTC_USDT,96656.7,0.0237,96659.4,96684.4,742375336,7061495888.5108,106352.8,87015.9,93375,96865,96656.6,96656.7,175490488,2246.8,0.0001,UTC+8,"[0.0237, -0.0186, -0.0047, 0.5948, 0.7066, 1.1377]","[0.0346, 0.0219, 0.0237]"
1735819749112,BTC_USDT,96655.9,0.0237,96659.3,96684.4,742377651,7061518264.51747,106352.8,87015.9,93375,96865,96655.6,96655.7,175490648,2246.0,0.0001,UTC+8,"[0.0237, -0.0186, -0.0047, 0.5948, 0.7066, 1.1377]","[0.0346, 0.0219, 0.0237]"
1735819751114,BTC_USDT,96655.6,0.0237,96658.1,96683.2,742378256,7061524112.18188,106351.5,87014.8,93375,96865,96655.6,96655.7,175490648,2245.7,0.0001,UTC+8,"[0.0237, -0.0186, -0.0047, 0.5948, 0.7066, 1.1376]","[0.0346, 0.0219, 0.0237]"
1735819754110,BTC_USDT,96655.6,0.0237,96658.1,96683.2,742401949,7061753118.46381,106351.5,87014.8,93375,96865,96655.6,96655.7,175481624,2245.7,0.0001,UTC+8,"[0.0237, -0.0186, -0.0047, 0.5948, 0.7066, 1.1376]","[0.0346, 0.0219, 0.0237]"
1735819756123,BTC_USDT,96662.7,0.0238,96662.7,96683.6,742402972,7061763006.54418,106351.9,87015.2,93375,96865,96662.6,96662.7,175484416,2252.8,0.0001,UTC+8,"[0.0238, -0.0185, -0.0046, 0.5949, 0.7067, 1.1378]","[0.0347, 0.022, 0.0238]"
1735819759112,BTC_USDT,96674.3,0.0239,96674.3,96689.2,742413744,7061867139.61245,106358.1,87020.2,93375,96865,96674.2,96674.3,175511912,2264.4,0.0001,UTC+8,"[0.0239, -0.0184, -0.0045, 0.5951, 0.7069, 1.1381]","[0.0348, 0.0221, 0.0239]"
1735819761117,BTC_USDT,96674.3,0.0239,96674.4,96689.0,742415433,7061883467.89949,106357.9,87020.1,93375,96865,96674.3,96674.4,175513592,2264.4,0.0001,UTC+8,"[0.0239, -0.0184, -0.0045, 0.5951, 0.7069, 1.1381]","[0.0348, 0.0221, 0.0239]"
1735819763115,BTC_USDT,96674.3,0.0239,96674.4,96695.2,742415502,7061884134.95218,106364.7,87025.6,93375,96865,96674.3,96674.4,175521736,2264.4,0.0001,UTC+8,"[0.0239, -0.0184, -0.0045, 0.5951, 0.7069, 1.1381]","[0.0348, 0.0221, 0.0239]"
1735819766111,BTC_USDT,96674.4,0.0239,96674.3,96696.5,742419989,7061927512.73425,106366.1,87026.8,93375,96865,96676.3,96684.3,175527944,2264.5,0.0001,UTC+8,"[0.0239, -0.0184, -0.0045, 0.5951, 0.7069, 1.1381]","[0.0348, 0.0221, 0.0239]"
1735819768110,BTC_USDT,96713.5,0.0243,96713.5,96723.6,742435341,7062075968.01026,106395.9,87051.2,93375,96865,96713.4,96713.5,175527944,2303.6,0.0001,UTC+8,"[0.0243, -0.018, -0.0041, 0.5957, 0.7076, 1.1389]","[0.0352, 0.0225, 0.0243]"
1735819771117,BTC_USDT,96708.3,0.0243,96708.4,96727.8,742452010,7062237176.21923,106400.5,87055.0,93375,96865,96708.3,96708.4,175551168,2298.4,0.0001,UTC+8,"[0.0243, -0.0181, -0.0041, 0.5956, 0.7075, 1.1388]","[0.0351, 0.0224, 0.0243]"
1735819773114,BTC_USDT,96708.4,0.0243,96708.4,96727.8,742460130,7062315703.3633,106400.5,87055.0,93375,96865,96708.3,96708.4,175551184,2298.5,0.0001,UTC+8,"[0.0243, -0.0181, -0.0041, 0.5956, 0.7075, 1.1388]","[0.0351, 0.0224, 0.0243]"
1735819775121,BTC_USDT,96713.3,0.0243,96713.3,96728.9,742465385,7062366524.63674,106401.7,87056.0,93375,96865,96713.3,96713.4,175491624,2303.4,0.0001,UTC+8,"[0.0243, -0.018, -0.0041, 0.5957, 0.7076, 1.1389]","[0.0352, 0.0225, 0.0243]"
1735819778155,BTC_USDT,96713.3,0.0243,96713.4,96728.9,742476567,7062474669.45495,106401.7,87056.0,93375,96865,96713.3,96713.4,175532172,2303.4,0.0001,UTC+8,"[0.0243, -0.018, -0.0041, 0.5957, 0.7076, 1.1389]","[0.0352, 0.0225, 0.0243]"
1735819780116,BTC_USDT,96708.5,0.0243,96708.5,96728.5,742520405,7062898621.8007,106401.3,87055.6,93375,96865,96708.4,96708.5,175533980,2298.6,0.0001,UTC+8,"[0.0243, -0.0181, -0.0041, 0.5956, 0.7075, 1.1388]","[0.0352, 0.0224, 0.0243]"
1735819783116,BTC_USDT,96708.3,0.0243,96708.4,96728.6,742532264,7063013308.29067,106401.4,87055.7,93375,96865,96708.3,96708.4,175534096,2298.4,0.0001,UTC+8,"[0.0243, -0.0181, -0.0041, 0.5956, 0.7075, 1.1388]","[0.0351, 0.0224, 0.0243]"
1735819785124,BTC_USDT,96708.3,0.0243,96708.3,96728.6,742538645,7063075017.89727,106401.4,87055.7,93375,96865,96708.3,96708.4,175534620,2298.4,0.0001,UTC+8,"[0.0243, -0.0181, -0.0041, 0.5956, 0.7075, 1.1388]","[0.0351, 0.0224, 0.0243]"
1735819788117,BTC_USDT,96708.3,0.0243,96708.3,96728.5,742551751,7063201763.91188,106401.3,87055.6,93375,96865,96708.3,96708.4,175535148,2298.4,0.0001,UTC+8,"[0.0243, -0.0181, -0.0041, 0.5956, 0.7075, 1.1388]","[0.0351, 0.0224, 0.0243]"
1735819790116,BTC_USDT,96702.3,0.0242,96705.0,96728.3,742557851,7063260752.35779,106401.1,87055.4,93375,96865,96702.2,96702.3,175541584,2292.4,0.0001,UTC+8,"[0.0242, -0.0181, -0.0042, 0.5955, 0.7074, 1.1387]","[0.0351, 0.0224, 0.0242]"
1735819792117,BTC_USDT,96702.2,0.0242,96703.2,96728.3,742558120,7063263353.64918,106401.1,87055.4,93375,96865,96702.2,96702.3,175541952,2292.3,0.0001,UTC+8,"[0.0242, -0.0181, -0.0042, 0.5955, 0.7074, 1.1387]","[0.0351, 0.0224, 0.0242]"
1735819795109,BTC_USDT,96702.3,0.0242,96703.1,96728.3,742558483,7063266863.94169,106401.1,87055.4,93375,96865,96702.2,96702.3,175371684,2292.4,0.0001,UTC+8,"[0.0242, -0.0181, -0.0042, 0.5955, 0.7074, 1.1387]","[0.0351, 0.0224, 0.0242]"
1735819797110,BTC_USDT,96702.2,0.0242,96703.1,96728.3,742558530,7063267318.44224,106401.1,87055.4,93375,96865,96702.2,96702.3,175371684,2292.3,0.0001,UTC+8,"[0.0242, -0.0181, -0.0042, 0.5955, 0.7074, 1.1387]","[0.0351, 0.0224, 0.0242]"
1735819799118,BTC_USDT,96702.2,0.0242,96703.1,96728.3,742558626,7063268246.78401,106401.1,87055.4,93375,96865,96702.2,96702.3,175371916,2292.3,0.0001,UTC+8,"[0.0242, -0.0181, -0.0042, 0.5955, 0.7074, 1.1387]","[0.0351, 0.0224, 0.0242]"
1735819802120,BTC_USDT,96702.3,0.0242,96703.1,96728.3,742559193,7063273729.80016,106401.1,87055.4,93375,96865,96702.2,96702.3,175373512,2292.4,0.0001,UTC+8,"[0.0242, -0.0181, -0.0042, 0.5955, 0.7074, 1.1387]","[0.0351, 0.0224, 0.0242]"
1735819804113,BTC_USDT,96702.3,0.0242,96703.2,96728.4,742564807,7063328018.41956,106401.2,87055.5,93375,96865,96702.2,96702.3,175394212,2292.4,0.0001,UTC+8,"[0.0242, -0.0181, -0.0042, 0.5955, 0.7074, 1.1387]","[0.0351, 0.0224, 0.0242]"
1735819807120,BTC_USDT,96702.2,0.0242,96702.9,96728.1,742567336,7063352474.42868,106400.9,87055.2,93375,96865,96702.2,96702.3,175396552,2292.3,0.0001,UTC+8,"[0.0242, -0.0181, -0.0042, 0.5955, 0.7074, 1.1387]","[0.0351, 0.0224, 0.0242]"
1735819809110,BTC_USDT,96702.2,0.0242,96703.0,96728.2,742578422,7063459678.49901,106401.0,87055.3,93375,96865,96693.9,96694.0,175422452,2292.3,0.0001,UTC+8,"[0.0242, -0.0181, -0.0042, 0.5955, 0.7074, 1.1387]","[0.0351, 0.0224, 0.0242]"
1735819812112,BTC_USDT,96686.3,0.0241,96691.7,96716.9,742586999,7063542607.18686,106388.5,87045.2,93375,96865,96686.3,96686.4,175443160,2276.4,0.0001,UTC+8,"[0.0241, -0.0183, -0.0044, 0.5953, 0.7071, 1.1383]","[0.0349, 0.0222, 0.0241]"
1735819814117,BTC_USDT,96686.4,0.0241,96691.6,96716.8,742593799,7063608353.88257,106388.4,87045.1,93375,96865,96686.3,96686.4,175465676,2276.5,0.0001,UTC+8,"[0.0241, -0.0183, -0.0044, 0.5953, 0.7071, 1.1383]","[0.0349, 0.0222, 0.0241]"
1735819816106,BTC_USDT,96686.3,0.0241,96689.2,96714.5,742598724,7063655971.92698,106385.9,87043.0,93375,96865,96686.3,96686.4,175373096,2276.4,0.0001,UTC+8,"[0.0241, -0.0183, -0.0044, 0.5953, 0.7071, 1.1383]","[0.0349, 0.0222, 0.0241]"
1735819819120,BTC_USDT,96686.4,0.0241,96689.2,96714.5,742600019,7063668492.80329,106385.9,87043.0,93375,96865,96686.3,96686.4,175373220,2276.5,0.0001,UTC+8,"[0.0241, -0.0183, -0.0044, 0.5953, 0.7071, 1.1383]","[0.0349, 0.0222, 0.0241]"
1735819821113,BTC_USDT,96686.4,0.0241,96689.2,96714.5,742601312,7063680994.34906,106385.9,87043.0,93375,96865,96686.3,96686.4,175373476,2276.5,0.0001,UTC+8,"[0.0241, -0.0183, -0.0044, 0.5953, 0.7071, 1.1383]","[0.0349, 0.0222, 0.0241]"
1735819824114,BTC_USDT,96686.4,0.0241,96689.0,96714.4,742603954,7063706538.88535,106385.8,87042.9,93375,96865,96686.3,96686.4,175373644,2276.5,0.0001,UTC+8,"[0.0241, -0.0183, -0.0044, 0.5953, 0.7071, 1.1383]","[0.0349, 0.0222, 0.0241]"
1735819826113,BTC_USDT,96686.3,0.0241,96689.2,96714.6,742605830,7063724677.23939,106386.0,87043.1,93375,96865,96686.3,96686.4,175376736,2276.4,0.0001,UTC+8,"[0.0241, -0.0183, -0.0044, 0.5953, 0.7071, 1.1383]","[0.0349, 0.0222, 0.0241]"
1735819828117,BTC_USDT,96686.3,0.0241,96689.3,96714.6,742605993,7063726253.22628,106386.0,87043.1,93375,96865,96686.3,96686.4,175376756,2276.4,0.0001,UTC+8,"[0.0241, -0.0183, -0.0044, 0.5953, 0.7071, 1.1383]","[0.0349, 0.0222, 0.0241]"
1735819831112,BTC_USDT,96686.4,0.0241,96689.3,96714.6,742624483,7063905026.26229,106386.0,87043.1,93375,96865,96686.3,96686.4,175428048,2276.5,0.0001,UTC+8,"[0.0241, -0.0183, -0.0044, 0.5953, 0.7071, 1.1383]","[0.0349, 0.0222, 0.0241]"
1735819833117,BTC_USDT,96686.4,0.0241,96689.3,96714.6,742625876,7063918494.67413,106386.0,87043.1,93375,96865,96686.3,96686.4,175431724,2276.5,0.0001,UTC+8,"[0.0241, -0.0183, -0.0044, 0.5953, 0.7071, 1.1383]","[0.0349, 0.0222, 0.0241]"
1735819836121,BTC_USDT,96686.4,0.0241,96689.3,96714.6,742626758,7063927022.41324,106386.0,87043.1,93375,96865,96686.3,96686.4,175431724,2276.5,0.0001,UTC+8,"[0.0241, -0.0183, -0.0044, 0.5953, 0.7071, 1.1383]","[0.0349, 0.0222, 0.0241]"
1735819838120,BTC_USDT,96686.3,0.0241,96689.3,96714.6,742627077,7063930106.70924,106386.0,87043.1,93375,96865,96686.3,96686.4,175431724,2276.4,0.0001,UTC+8,"[0.0241, -0.0183, -0.0044, 0.5953, 0.7071, 1.1383]","[0.0349, 0.0222, 0.0241]"
1735819840119,BTC_USDT,96686.3,0.0241,96689.3,96714.6,742627813,7063937222.82139,106386.0,87043.1,93375,96865,96686.3,96686.4,175433836,2276.4,0.0001,UTC+8,"[0.0241, -0.0183, -0.0044, 0.5953, 0.7071, 1.1383]","[0.0349, 0.0222, 0.0241]"
1735819843122,BTC_USDT,96694.3,0.0241,96694.2,96715.0,742630324,7063961501.18621,106386.5,87043.5,93375,96865,96694.2,96694.3,175439160,2284.4,0.0001,UTC+8,"[0.0241, -0.0182, -0.0043, 0.5954, 0.7073, 1.1385]","[0.035, 0.0223, 0.0241]"
1735819845122,BTC_USDT,96694.2,0.0241,96694.3,96715.1,742630746,7063965581.6839,106386.6,87043.5,93375,96865,96694.2,96694.3,175439772,2284.3,0.0001,UTC+8,"[0.0241, -0.0182, -0.0043, 0.5954, 0.7073, 1.1385]","[0.035, 0.0223, 0.0241]"
1735819848120,BTC_USDT,96696.5,0.0242,96695.4,96715.1,742632174,7063979389.75969,106386.6,87043.5,93375,96865,96696.4,96696.5,175440196,2286.6,0.0001,UTC+8,"[0.0242, -0.0182, -0.0043, 0.5954, 0.7073, 1.1385]","[0.035, 0.0223, 0.0242]"
1735819850122,BTC_USDT,96694.3,0.0241,96694.3,96715.0,742633597,7063993149.56322,106386.5,87043.5,93375,96865,96694.2,96694.3,175443524,2284.4,0.0001,UTC+8,"[0.0241, -0.0182, -0.0043, 0.5954, 0.7073, 1.1385]","[0.035, 0.0223, 0.0241]"
1735819852120,BTC_USDT,96686.8,0.0241,96694.2,96714.8,742637549,7064031363.11032,106386.2,87043.3,93375,96865,96686.8,96686.9,175454652,2276.9,0.0001,UTC+8,"[0.0241, -0.0183, -0.0044, 0.5953, 0.7071, 1.1383]","[0.0349, 0.0222, 0.0241]"
1735819855114,BTC_USDT,96669.6,0.0239,96679.2,96704.0,742648303,7064135328.42607,106374.4,87033.6,93375,96865,96669.6,96669.7,175414888,2259.7,0.0001,UTC+8,"[0.0239, -0.0185, -0.0045, 0.595, 0.7068, 1.138]","[0.0347, 0.022, 0.0239]"
1735819857123,BTC_USDT,96678.9,0.024,96679.3,96704.2,742650507,7064156634.45752,106374.6,87033.7,93375,96865,96678.9,96679.0,175415040,2269.0,0.0001,UTC+8,"[0.024, -0.0184, -0.0044, 0.5951, 0.707, 1.1382]","[0.0348, 0.0221, 0.024]"
1735819860148,BTC_USDT,96699.1,0.0242,96696.5,96715.7,742660835,7064256488.19377,106387.2,87044.1,93375,96865,96699,96699.1,175420364,2289.2,0.0001,UTC+8,"[0.0242, -0.0182, -0.0042, 0.5955, 0.7073, 1.1386]","[0.035, 0.0223, 0.0242]"
1735819862124,BTC_USDT,96700,0.0242,96700.0,96715.8,742661041,7064258480.19966,106387.3,87044.2,93375,96865,96699.9,96700.0,175420380,2290.1,0.0001,UTC+8,"[0.0242, -0.0182, -0.0042, 0.5955, 0.7074, 1.1386]","[0.0351, 0.0224, 0.0242]"
1735819864115,BTC_USDT,96700,0.0242,96700.0,96715.8,742664046,7064287538.52443,106387.3,87044.2,93375,96865,96699.9,96700.0,175425016,2290.1,0.0001,UTC+8,"[0.0242, -0.0182, -0.0042, 0.5955, 0.7074, 1.1386]","[0.0351, 0.0224, 0.0242]"
1735819867120,BTC_USDT,96698.1,0.0242,96698.1,96715.5,742672127,7064365681.6897,106387.0,87043.9,93375,96865,96692,96692.1,175449020,2288.2,0.0001,UTC+8,"[0.0242, -0.0182, -0.0042, 0.5955, 0.7073, 1.1386]","[0.035, 0.0223, 0.0242]"
1735819869119,BTC_USDT,96692.1,0.0241,96692.0,96715.3,742677904,7064421540.93502,106386.8,87043.7,93375,96865,96682.5,96682.6,175369348,2282.2,0.0001,UTC+8,"[0.0241, -0.0182, -0.0043, 0.5954, 0.7072, 1.1385]","[0.035, 0.0223, 0.0241]"
1735819872114,BTC_USDT,96682.5,0.024,96690.8,96715.1,742680635,7064447944.92715,106386.6,87043.5,93375,96865,96682.5,96682.6,175370172,2272.6,0.0001,UTC+8,"[0.024, -0.0183, -0.0044, 0.5952, 0.7071, 1.1382]","[0.0349, 0.0222, 0.024]"
1735819874115,BTC_USDT,96682.5,0.024,96690.7,96715.0,742681170,7064453117.44227,106386.5,87043.5,93375,96865,96682.5,96682.6,175370176,2272.6,0.0001,UTC+8,"[0.024, -0.0183, -0.0044, 0.5952, 0.7071, 1.1382]","[0.0349, 0.0222, 0.024]"
