timestamp,symbol,lastPrice,riseFallRate,fairPrice,indexPrice,volume24,amount24,maxBidPrice,minAskPrice,lower24Price,high24Price,bid1,ask1,holdVol,riseFallValue,fundingRate,zone,riseFallRates,riseFallRatesOfTimezone
1744037582297,BTC_USDT,79030.9,-0.042,79035,79055.6,1869844021,14616798047.99904,86961.1,71150,74461.5,82780.1,79045,79046.6,89431571,-3466.6,5e-05,UTC+8,"[-0.042, -0.0443, -0.1063, -0.2259, 0.2693, 0.1606]","[-0.0392, 0.0081, -0.042]"
1744037584300,BTC_USDT,79063.5,-0.0416,79047.5,79080.7,1869861180,14616933672.47771,86988.7,71172.6,74461.5,82780.1,79068.1,79068.2,89436104,-3434.0,5e-05,UTC+8,"[-0.0416, -0.0439, -0.1059, -0.2256, 0.2698, 0.161]","[-0.0388, 0.0085, -0.0416]"
1744037586301,BTC_USDT,79109.7,-0.041,79105,79138.4,1869885225,14617123795.02418,87052.2,71224.5,74461.5,82780.1,79109.6,79109.7,89474688,-3387.8,5e-05,UTC+8,"[-0.041, -0.0434, -0.1054, -0.2252, 0.2706, 0.1617]","[-0.0382, 0.0091, -0.041]"
1744037588333,BTC_USDT,79064.4,-0.0416,79088.4,79114.2,1869957331,14617694231.14516,87025.6,71202.7,74461.5,82780.1,79066.2,79066.3,89592053,-3433.1,5e-05,UTC+8,"[-0.0416, -0.0439, -0.1059, -0.2256, 0.2699, 0.1611]","[-0.0388, 0.0086, -0.0416]"
1744037590281,BTC_USDT,79017.4,-0.0421,79051.2,79058.2,1869983169,14617898434.9029,86964.0,71152.3,74461.5,82780.1,79017.3,79017.4,89416899,-3480.1,5e-05,UTC+8,"[-0.0421, -0.0445, -0.1064, -0.2261, 0.2691, 0.1604]","[-0.0393, 0.008, -0.0421]"
1744037594300,BTC_USDT,79135.1,-0.0407,79113,79142.2,1870047686,14618408552.83516,87056.4,71227.9,74461.5,82780.1,79135,79137.0,89477460,-3362.4,5e-05,UTC+8,"[-0.0407, -0.0431, -0.1051, -0.2249, 0.271, 0.1621]","[-0.0379, 0.0095, -0.0407]"
1744037596297,BTC_USDT,79167.6,-0.0403,79152.1,79186.9,1870067432,14618564845.15645,87105.5,71268.2,74461.5,82780.1,79150.2,79150.3,89512631,-3329.9,5e-05,UTC+8,"[-0.0403, -0.0427, -0.1047, -0.2246, 0.2715, 0.1626]","[-0.0375, 0.0099, -0.0403]"
1744037598301,BTC_USDT,79114.9,-0.041,79124.4,79157.4,1870144019,14619170899.45908,87073.1,71241.6,74461.5,82780.1,79113,79113.1,89588279,-3382.6,5e-05,UTC+8,"[-0.041, -0.0433, -0.1053, -0.2251, 0.2707, 0.1618]","[-0.0381, 0.0092, -0.041]"
1744037600295,BTC_USDT,79101.7,-0.0411,79107.6,79136.3,1870162130,14619314158.36623,87049.9,71222.6,74461.5,82780.1,79081,79087.9,89620059,-3395.8,5e-05,UTC+8,"[-0.0411, -0.0435, -0.1055, -0.2252, 0.2705, 0.1616]","[-0.0383, 0.009, -0.0411]"
1744037602352,BTC_USDT,79198.3,-0.0399,79196.2,79210.2,1870197081,14619590783.66402,87131.2,71289.1,74461.5,82780.1,79198.4,79198.5,89643232,-3299.2,5e-05,UTC+8,"[-0.0399, -0.0423, -0.1044, -0.2243, 0.272, 0.163]","[-0.0371, 0.0103, -0.0399]"
1744037606294,BTC_USDT,79234.1,-0.0395,79264.7,79287.8,1870634808,14623058951.63836,87216.5,71359,74461.5,82780.1,79230.4,79230.5,89736309,-3263.4,5e-05,UTC+8,"[-0.0395, -0.0419, -0.104, -0.2239, 0.2726, 0.1636]","[-0.0367, 0.0107, -0.0395]"
1744037608313,BTC_USDT,79255.9,-0.0392,79250.7,79283.8,1870687476,14623476281.15591,87212.1,71355.4,74461.5,82780.1,79255.9,79256.0,89740638,-3241.6,5e-05,UTC+8,"[-0.0392, -0.0416, -0.1037, -0.2237, 0.2729, 0.1639]","[-0.0364, 0.011, -0.0392]"
1744037610282,BTC_USDT,79278.7,-0.039,79279.8,79312.8,1870931327,14625409190.65241,87244.0,71381.5,74461.5,82780.1,79293.9,79296.3,89765144,-3218.8,5e-05,UTC+8,"[-0.039, -0.0413, -0.1035, -0.2235, 0.2733, 0.1642]","[-0.0361, 0.0113, -0.039]"
1744037612314,BTC_USDT,79303.6,-0.0387,79307.3,79340.2,1871152284,14627161566.70877,87274.2,71406.1,74461.5,82780.1,79299.3,79299.4,90224537,-3193.9,5e-05,UTC+8,"[-0.0387, -0.041, -0.1032, -0.2233, 0.2737, 0.1646]","[-0.0358, 0.0116, -0.0387]"
1744037614299,BTC_USDT,79278.7,-0.039,79266.1,79301.4,1871312774,14628434101.83873,87231.5,71371.2,74461.5,82780.1,79280,79280.1,89303359,-3218.8,5e-05,UTC+8,"[-0.039, -0.0413, -0.1035, -0.2235, 0.2733, 0.1642]","[-0.0361, 0.0113, -0.039]"
1744037618300,BTC_USDT,79268.9,-0.0391,79268.9,79294.5,1871679791,14631343859.94758,87223.9,71365,74461.5,82780.1,79222.6,79222.7,89515132,-3228.6,5e-05,UTC+8,"[-0.0391, -0.0414, -0.1036, -0.2236, 0.2731, 0.1641]","[-0.0363, 0.0112, -0.0391]"
1744037620303,BTC_USDT,79218.8,-0.0397,79230.4,79261.6,1871839044,14632605507.14471,87187.7,71335.4,74461.5,82780.1,79218.7,79218.8,89586229,-3278.7,5e-05,UTC+8,"[-0.0397, -0.042, -0.1042, -0.2241, 0.2723, 0.1633]","[-0.0369, 0.0105, -0.0397]"
1744037622312,BTC_USDT,79206.5,-0.0398,79201.1,79234.0,1872087885,14634576607.49619,87157.4,71310.6,74461.5,82780.1,79206.5,79208.6,89708334,-3291.0,5e-05,UTC+8,"[-0.0398, -0.0422, -0.1043, -0.2242, 0.2721, 0.1631]","[-0.037, 0.0104, -0.0398]"
1744037624310,BTC_USDT,79218.0,-0.0397,79226.2,79259.4,1872260347,14635942917.93364,87185.3,71333.4,74461.5,82780.1,79204.9,79206.6,89732949,-3279.5,5e-05,UTC+8,"[-0.0397, -0.0421, -0.1042, -0.2241, 0.2723, 0.1633]","[-0.0369, 0.0105, -0.0397]"
1744037626299,BTC_USDT,79155.9,-0.0405,79198.7,79226.8,1872270543,14636023653.01122,87149.4,71304.1,74461.5,82780.1,79149.8,79149.9,89757287,-3341.6,5e-05,UTC+8,"[-0.0405, -0.0428, -0.1049, -0.2247, 0.2713, 0.1624]","[-0.0376, 0.0097, -0.0405]"
1744037630303,BTC_USDT,79211.7,-0.0398,79247.2,79246.3,1872326986,14636470637.20642,87170.9,71321.6,74461.5,82780.1,79288.2,79288.3,89576138,-3285.8,5e-05,UTC+8,"[-0.0398, -0.0421, -0.1042, -0.2242, 0.2722, 0.1632]","[-0.037, 0.0104, -0.0398]"
1744037632298,BTC_USDT,79271.3,-0.0391,79294.6,79324.9,1872335640,14636539251.10501,87257.3,71392.4,74461.5,82780.1,79264.6,79264.7,89580968,-3226.2,5e-05,UTC+8,"[-0.0391, -0.0414, -0.1036, -0.2236, 0.2732, 0.1641]","[-0.0362, 0.0112, -0.0391]"
1744037634286,BTC_USDT,79233.2,-0.0395,79262.6,79280.8,1872342871,14636596565.53608,87208.8,71352.7,74461.5,82780.1,79244,79244.1,89583065,-3264.3,5e-05,UTC+8,"[-0.0395, -0.0419, -0.104, -0.2239, 0.2726, 0.1635]","[-0.0367, 0.0107, -0.0395]"
1744037636310,BTC_USDT,79282.5,-0.0389,79286.3,79319.3,1872392710,14636991671.38805,87251.2,71387.3,74461.5,82780.1,79265,79265.1,89687847,-3215.0,5e-05,UTC+8,"[-0.0389, -0.0413, -0.1034, -0.2235, 0.2734, 0.1643]","[-0.0361, 0.0113, -0.0389]"
1744037638312,BTC_USDT,79270.2,-0.0391,79282.5,79313.4,1872422000,14637223847.6427,87244.7,71382,74461.5,82780.1,79282.4,79282.5,89747576,-3227.3,5e-05,UTC+8,"[-0.0391, -0.0414, -0.1036, -0.2236, 0.2732, 0.1641]","[-0.0363, 0.0112, -0.0391]"
1744037642304,BTC_USDT,79298.9,-0.0387,79307.9,79331.3,1872504365,14637876945.70282,87264.4,71398.1,74461.5,82780.1,79295.7,79295.8,89914596,-3198.6,5e-05,UTC+8,"[-0.0387, -0.0411, -0.1032, -0.2233, 0.2736, 0.1645]","[-0.0359, 0.0115, -0.0387]"
1744037644317,BTC_USDT,79315.1,-0.0385,79293.8,79329.0,1872567060,14638374067.53297,87261.9,71396.1,74461.5,82780.1,79306.7,79306.8,89920048,-3182.4,5e-05,UTC+8,"[-0.0385, -0.0409, -0.1031, -0.2231, 0.2739, 0.1647]","[-0.0357, 0.0118, -0.0385]"
1744037646284,BTC_USDT,79307.9,-0.0386,79306.6,79340.0,1872572122,14638414207.838,87274.0,71406,74461.5,82780.1,79316.5,79316.6,89936859,-3189.6,5e-05,UTC+8,"[-0.0386, -0.041, -0.1031, -0.2232, 0.2738, 0.1646]","[-0.0358, 0.0117, -0.0386]"
1744037648277,BTC_USDT,79335.8,-0.0383,79316.6,79338.2,1872666450,14639162486.38809,87272.0,71404.3,74461.5,82780.1,79340.1,79340.2,89960413,-3161.7,5e-05,UTC+8,"[-0.0383, -0.0406, -0.1028, -0.2229, 0.2742, 0.165]","[-0.0355, 0.012, -0.0383]"
1744037650305,BTC_USDT,79395.1,-0.0376,79397.4,79430.6,1872820672,14640386265.04583,87373.6,71487.5,74461.5,82780.1,79401,79400.0,90047286,-3102.4,5e-05,UTC+8,"[-0.0376, -0.0399, -0.1022, -0.2224, 0.2752, 0.1659]","[-0.0347, 0.0128, -0.0376]"
1744037654291,BTC_USDT,79412.2,-0.0373,79411.4,79440.7,1872930783,14641260816.28683,87384.7,71496.6,74461.5,82780.1,79412.2,79412.3,89643212,-3085.3,5e-05,UTC+8,"[-0.0373, -0.0397, -0.102, -0.2222, 0.2754, 0.1662]","[-0.0345, 0.013, -0.0373]"
1744037656297,BTC_USDT,79433.3,-0.0371,79433.3,79466.5,1873180596,14643245157.34245,87413.1,71519.8,74461.5,82780.1,79428.2,79428.3,89806886,-3064.2,5e-05,UTC+8,"[-0.0371, -0.0395, -0.1017, -0.222, 0.2758, 0.1665]","[-0.0343, 0.0133, -0.0371]"
1744037658294,BTC_USDT,79410.1,-0.0374,79428.3,79444.6,1873186545,14643292402.76103,87389.0,71500.1,74461.5,82780.1,79392,79392.1,89819105,-3087.4,5e-05,UTC+8,"[-0.0374, -0.0397, -0.102, -0.2222, 0.2754, 0.1661]","[-0.0346, 0.013, -0.0374]"
1744037660269,BTC_USDT,79396.8,-0.0375,79411.5,79444.8,1873532491,14646039227.56564,87389.2,71500.3,74461.5,82780.1,79396.7,79396.8,90319286,-3100.7,5e-05,UTC+8,"[-0.0375, -0.0399, -0.1021, -0.2223, 0.2752, 0.1659]","[-0.0347, 0.0128, -0.0375]"
1744037662299,BTC_USDT,79357.4,-0.038,79387.5,79400.1,1873752039,14647782350.54076,87340.1,71460,74461.5,82780.1,79370.9,79371.0,90369263,-3140.1,5e-05,UTC+8,"[-0.038, -0.0404, -0.1026, -0.2227, 0.2746, 0.1654]","[-0.0352, 0.0123, -0.038]"
1744037664308,BTC_USDT,79393.1,-0.0376,79391.3,79421.1,1876643822,14670739696.72429,87363.2,71478.9,74461.5,82780.1,79393.1,79393.2,98439216,-3104.4,5e-05,UTC+8,"[-0.0376, -0.0399, -0.1022, -0.2224, 0.2751, 0.1659]","[-0.0348, 0.0127, -0.0376]"
1744037668312,BTC_USDT,79326.0,-0.0384,79346.1,79360.7,1876809274,14672053187.22855,87296.7,71424.6,74461.5,82780.1,79346,79346.1,98468664,-3171.5,5e-05,UTC+8,"[-0.0384, -0.0407, -0.1029, -0.223, 0.2741, 0.1649]","[-0.0356, 0.0119, -0.0384]"
1744037670294,BTC_USDT,79324.6,-0.0384,79329.3,79362.6,1876833128,14672242422.07964,87298.8,71426.3,74461.5,82780.1,79320,79320.1,98473174,-3172.9,5e-05,UTC+8,"[-0.0384, -0.0408, -0.103, -0.2231, 0.274, 0.1649]","[-0.0356, 0.0119, -0.0384]"
1744037672306,BTC_USDT,79288.7,-0.0388,79297,79320.4,1876874668,14672571837.82464,87252.4,71388.3,74461.5,82780.1,79305.2,79309.3,89820158,-3208.8,5e-05,UTC+8,"[-0.0388, -0.0412, -0.1034, -0.2234, 0.2735, 0.1644]","[-0.036, 0.0114, -0.0388]"
1744037674304,BTC_USDT,79315.1,-0.0385,79345.2,79354.6,1876898423,14672760284.27794,87290.0,71419.1,74461.5,82780.1,79317.9,79318.0,89834010,-3182.4,5e-05,UTC+8,"[-0.0385, -0.0409, -0.1031, -0.2231, 0.2739, 0.1647]","[-0.0357, 0.0118, -0.0385]"
1744037676287,BTC_USDT,79423.6,-0.0372,79421.3,79444.0,1876911727,14672865843.1589,87388.4,71499.6,74461.5,82780.1,79423.5,79423.6,89846106,-3073.9,5e-05,UTC+8,"[-0.0372, -0.0396, -0.1018, -0.2221, 0.2756, 0.1663]","[-0.0344, 0.0131, -0.0372]"
1744037680314,BTC_USDT,79440.0,-0.037,79435.1,79466.8,1877057525,14674024107.78088,87413.4,71520.1,74461.5,82780.1,79440,79440.1,90169690,-3057.5,5e-05,UTC+8,"[-0.037, -0.0394, -0.1017, -0.2219, 0.2759, 0.1666]","[-0.0342, 0.0133, -0.037]"
1744037682299,BTC_USDT,79388.0,-0.0376,79427.2,79427.4,1877125032,14674560088.28891,87370.1,71484.6,74461.5,82780.1,79388.7,79388.8,90192121,-3109.5,5e-05,UTC+8,"[-0.0376, -0.04, -0.1022, -0.2224, 0.2751, 0.1658]","[-0.0348, 0.0127, -0.0376]"
1744037684288,BTC_USDT,79394.9,-0.0376,79398.8,79429.5,1877146990,14674734429.52915,87372.4,71486.5,74461.5,82780.1,79409.9,79410.0,90216781,-3102.6,5e-05,UTC+8,"[-0.0376, -0.0399, -0.1022, -0.2224, 0.2752, 0.1659]","[-0.0347, 0.0128, -0.0376]"
1744037686291,BTC_USDT,79464.8,-0.0367,79460.4,79494.0,1877278780,14675782137.06084,87443.4,71544.6,74461.5,82780.1,79472.7,79472.8,90312695,-3032.7,5e-05,UTC+8,"[-0.0367, -0.0391, -0.1014, -0.2217, 0.2763, 0.1669]","[-0.0339, 0.0137, -0.0367]"
1744037688274,BTC_USDT,79492.9,-0.0364,79495.6,79533.0,1877309482,14676026173.07083,87486.3,71579.7,74461.5,82780.1,79490,79490.1,90360272,-3004.6,5e-05,UTC+8,"[-0.0364, -0.0387, -0.1011, -0.2214, 0.2767, 0.1674]","[-0.0335, 0.014, -0.0364]"
1744037692297,BTC_USDT,79477.0,-0.0366,79484.7,79518.1,1877394433,14676701374.2726,87469.9,71566.2,74461.5,82780.1,79473.9,79474.0,90574243,-3020.5,5e-05,UTC+8,"[-0.0366, -0.0389, -0.1012, -0.2216, 0.2765, 0.1671]","[-0.0337, 0.0138, -0.0366]"
1744037694348,BTC_USDT,79452.9,-0.0369,79463.3,79494.7,1877454989,14677182568.92955,87444.1,71545.2,74461.5,82780.1,79452.1,79452.2,90110179,-3044.6,5e-05,UTC+8,"[-0.0369, -0.0392, -0.1015, -0.2218, 0.2761, 0.1668]","[-0.034, 0.0135, -0.0369]"
1744037696311,BTC_USDT,79410.7,-0.0374,79440.8,79471.5,1877457607,14677203365.69328,87418.6,71524.3,74461.5,82780.1,79416.8,79425.0,90116362,-3086.8,5e-05,UTC+8,"[-0.0374, -0.0397, -0.102, -0.2222, 0.2754, 0.1661]","[-0.0345, 0.013, -0.0374]"
1744037698309,BTC_USDT,79379.3,-0.0377,79418.8,79430.5,1877479561,14677377668.84016,87373.5,71487.4,74461.5,82780.1,79379.3,79379.4,90159053,-3118.2,5e-05,UTC+8,"[-0.0377, -0.0401, -0.1023, -0.2225, 0.2749, 0.1657]","[-0.0349, 0.0126, -0.0377]"
1744037700429,BTC_USDT,79386.9,-0.0377,79390.6,79424.8,1877484891,14677419979.24399,87367.2,71482.3,74461.5,82780.1,79393.7,79393.8,90165390,-3110.6,5e-05,UTC+8,"[-0.0377, -0.04, -0.1023, -0.2224, 0.275, 0.1658]","[-0.0348, 0.0127, -0.0377]"
1744037704308,BTC_USDT,79352.3,-0.0381,79352.3,79384.4,1877526174,14677747599.82685,87322.8,71445.9,74461.5,82780.1,79352.3,79352.4,90187521,-3145.2,5e-05,UTC+8,"[-0.0381, -0.0404, -0.1026, -0.2228, 0.2745, 0.1653]","[-0.0353, 0.0122, -0.0381]"
1744037706306,BTC_USDT,79380.7,-0.0377,79382.8,79416.8,1877537857,14677840318.97422,87358.4,71475.1,74461.5,82780.1,79384.3,79384.4,90191782,-3116.8,5e-05,UTC+8,"[-0.0377, -0.0401, -0.1023, -0.2225, 0.2749, 0.1657]","[-0.0349, 0.0126, -0.0377]"
1744037708307,BTC_USDT,79445.5,-0.0369,79414.9,79456.8,1877561614,14678028969.00476,87402.4,71511.1,74461.5,82780.1,79446.8,79446.9,90212438,-3052.0,5e-05,UTC+8,"[-0.0369, -0.0393, -0.1016, -0.2219, 0.276, 0.1667]","[-0.0341, 0.0134, -0.0369]"
1744037710311,BTC_USDT,79430.0,-0.0371,79437.3,79471.7,1877580594,14678179720.52448,87418.8,71524.5,74461.5,82780.1,79429.6,79435.9,90068325,-3067.5,5e-05,UTC+8,"[-0.0371, -0.0395, -0.1018, -0.222, 0.2757, 0.1664]","[-0.0343, 0.0132, -0.0371]"
1744037712315,BTC_USDT,79435.1,-0.0371,79436.7,79471.0,1877650266,14678733122.76341,87418.1,71523.9,74461.5,82780.1,79435,79435.1,90105489,-3062.4,5e-05,UTC+8,"[-0.0371, -0.0394, -0.1017, -0.222, 0.2758, 0.1665]","[-0.0342, 0.0133, -0.0371]"
1744037716319,BTC_USDT,79387.0,-0.0377,79400,79422.4,1877731079,14679374828.93273,87364.6,71480.1,74461.5,82780.1,79386.9,79387.0,90157841,-3110.5,5e-05,UTC+8,"[-0.0377, -0.04, -0.1023, -0.2224, 0.275, 0.1658]","[-0.0348, 0.0127, -0.0377]"
1744037718300,BTC_USDT,79334.7,-0.0383,79357.2,79365.6,1877802721,14679943295.0377,87302.1,71429,74461.5,82780.1,79327.8,79327.9,90270166,-3162.8,5e-05,UTC+8,"[-0.0383, -0.0406, -0.1028, -0.223, 0.2742, 0.165]","[-0.0355, 0.012, -0.0383]"
1744037720280,BTC_USDT,79268.6,-0.0391,79298.8,79298.4,1877890614,14680640200.92744,87228.2,71368.5,74461.5,82780.1,79268.6,79268.7,90343615,-3228.9,5e-05,UTC+8,"[-0.0391, -0.0414, -0.1036, -0.2236, 0.2731, 0.1641]","[-0.0363, 0.0112, -0.0391]"
1744037722294,BTC_USDT,79245.7,-0.0394,79268.7,79289.5,1877951769,14681124954.05312,87218.4,71360.5,74461.5,82780.1,79235.4,79235.5,90385461,-3251.8,5e-05,UTC+8,"[-0.0394, -0.0417, -0.1038, -0.2238, 0.2728, 0.1637]","[-0.0365, 0.0109, -0.0394]"
1744037724312,BTC_USDT,79260.6,-0.0392,79264.9,79298.4,1878011869,14681601176.42839,87228.2,71368.5,74461.5,82780.1,79260.5,79260.6,90405761,-3236.9,5e-05,UTC+8,"[-0.0392, -0.0415, -0.1037, -0.2237, 0.273, 0.1639]","[-0.0364, 0.0111, -0.0392]"
1744037728331,BTC_USDT,79305.5,-0.0386,79331,79357.2,1878115784,14682425329.58461,87292.9,71421.4,74461.5,82780.1,79304.3,79304.4,90487208,-3192.0,5e-05,UTC+8,"[-0.0386, -0.041, -0.1032, -0.2232, 0.2737, 0.1646]","[-0.0358, 0.0116, -0.0386]"
1744037730295,BTC_USDT,79315.4,-0.0385,79341.3,79376.5,1878120294,14682461100.94741,87314.1,71438.8,74461.5,82780.1,79315.3,79315.4,90493816,-3182.1,5e-05,UTC+8,"[-0.0385, -0.0409, -0.1031, -0.2231, 0.2739, 0.1647]","[-0.0357, 0.0118, -0.0385]"
1744037732284,BTC_USDT,79284.4,-0.0389,79304.9,79336.1,1878235865,14683377702.6045,87269.7,71402.4,74461.5,82780.1,79279.8,79279.9,90148917,-3213.1,5e-05,UTC+8,"[-0.0389, -0.0413, -0.1034, -0.2234, 0.2734, 0.1643]","[-0.0361, 0.0114, -0.0389]"
1744037734298,BTC_USDT,79315.4,-0.0385,79307.5,79342.2,1878288525,14683795290.41787,87276.4,71407.9,74461.5,82780.1,79320.9,79323.5,90207121,-3182.1,5e-05,UTC+8,"[-0.0385, -0.0409, -0.1031, -0.2231, 0.2739, 0.1647]","[-0.0357, 0.0118, -0.0385]"
1744037736311,BTC_USDT,79230.7,-0.0395,79299.5,79288.4,1878298369,14683873355.02563,87217.2,71359.5,74461.5,82780.1,79230.6,79230.7,90225623,-3266.8,5e-05,UTC+8,"[-0.0395, -0.0419, -0.104, -0.224, 0.2725, 0.1635]","[-0.0367, 0.0107, -0.0395]"
1744037738307,BTC_USDT,79270.7,-0.0391,79263.9,79300.0,1878299381,14683881375.54755,87230.0,71370,74461.5,82780.1,79269.9,79270.0,90226693,-3226.8,5e-05,UTC+8,"[-0.0391, -0.0414, -0.1036, -0.2236, 0.2732, 0.1641]","[-0.0362, 0.0112, -0.0391]"
1744037742313,BTC_USDT,79244.0,-0.0394,79259.3,79289.7,1878353555,14684310704.92492,87218.6,71360.7,74461.5,82780.1,79246.9,79247.0,90237960,-3253.5,5e-05,UTC+8,"[-0.0394, -0.0417, -0.1039, -0.2238, 0.2727, 0.1637]","[-0.0366, 0.0108, -0.0394]"
1744037744309,BTC_USDT,79269.9,-0.0391,79260.6,79295.0,1878362090,14684378347.67496,87224.5,71365.5,74461.5,82780.1,79269.9,79270.0,90243120,-3227.6,5e-05,UTC+8,"[-0.0391, -0.0414, -0.1036, -0.2236, 0.2732, 0.1641]","[-0.0363, 0.0112, -0.0391]"
1744037746306,BTC_USDT,79265.0,-0.0391,79267.2,79301.8,1878376063,14684489108.80224,87231.9,71371.6,74461.5,82780.1,79257.8,79257.9,90250003,-3232.5,5e-05,UTC+8,"[-0.0391, -0.0415, -0.1036, -0.2236, 0.2731, 0.164]","[-0.0363, 0.0111, -0.0391]"
1744037748314,BTC_USDT,79326.5,-0.0384,79324.7,79359.4,1878409170,14684751556.73296,87295.3,71423.4,74461.5,82780.1,79322.9,79323.0,90274200,-3171.0,5e-05,UTC+8,"[-0.0384, -0.0407, -0.1029, -0.223, 0.2741, 0.1649]","[-0.0356, 0.0119, -0.0384]"
1744037750305,BTC_USDT,79259.3,-0.0392,79312.3,79305.1,1878424427,14684872534.82791,87235.6,71374.5,74461.5,82780.1,79259.3,79259.4,90148688,-3238.2,5e-05,UTC+8,"[-0.0392, -0.0416, -0.1037, -0.2237, 0.273, 0.1639]","[-0.0364, 0.011, -0.0392]"
1744037754300,BTC_USDT,79259.9,-0.0392,79280,79303.5,1878492675,14685413567.94688,87233.8,71373.1,74461.5,82780.1,79283,79283.1,90198869,-3237.6,5e-05,UTC+8,"[-0.0392, -0.0415, -0.1037, -0.2237, 0.273, 0.1639]","[-0.0364, 0.011, -0.0392]"
1744037756316,BTC_USDT,79307.2,-0.0386,79316.3,79351.2,1878555326,14685910480.37025,87286.3,71416,74461.5,82780.1,79334.9,79335.0,90203881,-3190.3,5e-05,UTC+8,"[-0.0386, -0.041, -0.1032, -0.2232, 0.2738, 0.1646]","[-0.0358, 0.0117, -0.0386]"
1744037758295,BTC_USDT,79320.0,-0.0385,79321.9,79357.2,1878581751,14686120056.44175,87292.9,71421.4,74461.5,82780.1,79319.9,79320.0,90251725,-3177.5,5e-05,UTC+8,"[-0.0385, -0.0408, -0.103, -0.2231, 0.274, 0.1648]","[-0.0356, 0.0118, -0.0385]"
1744037760333,BTC_USDT,79175.2,-0.0402,79187.2,79222.4,1878757961,14687516096.5955,87144.6,71300.1,74461.5,82780.1,79171.8,79175.2,90552946,-3322.3,5e-05,UTC+8,"[-0.0402, -0.0426, -0.1046, -0.2245, 0.2716, 0.1627]","[-0.0374, 0.01, -0.0402]"
1744037762307,BTC_USDT,79183.7,-0.0401,79195.7,79231.4,1878856615,14688297146.45568,87154.5,71308.2,74461.5,82780.1,79183.7,79183.8,90563267,-3313.8,5.1e-05,UTC+8,"[-0.0401, -0.0425, -0.1046, -0.2244, 0.2718, 0.1628]","[-0.0373, 0.0101, -0.0401]"
1744037766302,BTC_USDT,79169.9,-0.0403,79179.7,79209.4,1878901408,14688651747.67321,87130.3,71288.4,74461.5,82780.1,79169.9,79170.0,90609066,-3327.6,5.1e-05,UTC+8,"[-0.0403, -0.0426, -0.1047, -0.2246, 0.2716, 0.1626]","[-0.0375, 0.0099, -0.0403]"
1744037768298,BTC_USDT,79084.9,-0.0413,79098.5,79133.1,1879157922,14690680660.64974,87046.4,71219.7,74461.5,82780.1,79083.9,79084.0,90254183,-3412.6,5.1e-05,UTC+8,"[-0.0413, -0.0437, -0.1057, -0.2254, 0.2702, 0.1614]","[-0.0385, 0.0088, -0.0413]"
1744037770308,BTC_USDT,79041.3,-0.0418,79067.5,79086.5,1879237492,14691309811.25697,86995.1,71177.8,74461.5,82780.1,79041.3,79044.1,90393576,-3456.2,5.1e-05,UTC+8,"[-0.0418, -0.0442, -0.1062, -0.2258, 0.2695, 0.1607]","[-0.039, 0.0083, -0.0418]"
1744037772306,BTC_USDT,78972.3,-0.0427,79004.2,79021.2,1879354355,14692233079.22011,86923.3,71119,74461.5,82780.1,78974.2,78975.1,90413750,-3525.2,5.1e-05,UTC+8,"[-0.0427, -0.045, -0.1069, -0.2265, 0.2684, 0.1597]","[-0.0399, 0.0074, -0.0427]"
1744037774298,BTC_USDT,79021.3,-0.0421,78995.2,79031.3,1879554270,14693811960.49494,86934.4,71128.1,74461.5,82780.1,79002.5,79002.6,90449380,-3476.2,5.1e-05,UTC+8,"[-0.0421, -0.0444, -0.1064, -0.226, 0.2692, 0.1604]","[-0.0393, 0.008, -0.0421]"
1744037778306,BTC_USDT,78968.1,-0.0427,78982.8,79014.6,1880401677,14700504387.30756,86916.0,71113.1,74461.5,82780.1,78973.3,78973.4,92183448,-3529.4,5.1e-05,UTC+8,"[-0.0427, -0.0451, -0.107, -0.2265, 0.2683, 0.1596]","[-0.0399, 0.0073, -0.0427]"
1744037780284,BTC_USDT,78969.8,-0.0427,78979.3,79010.0,1881006398,14705280677.74466,86911.0,71109,74461.5,82780.1,78969.7,78969.8,92201261,-3527.7,5.1e-05,UTC+8,"[-0.0427, -0.0451, -0.107, -0.2265, 0.2683, 0.1597]","[-0.0399, 0.0073, -0.0427]"
1744037782304,BTC_USDT,78923.2,-0.0433,78938.6,78974.1,1881061014,14705711795.16107,86871.5,71076.6,74461.5,82780.1,78923.2,78923.3,92260940,-3574.3,5.1e-05,UTC+8,"[-0.0433, -0.0456, -0.1075, -0.227, 0.2676, 0.159]","[-0.0405, 0.0068, -0.0433]"
1744037784299,BTC_USDT,78968.1,-0.0427,78977.1,79013.9,1881077283,14705840235.94706,86915.2,71112.5,74461.5,82780.1,78977.9,78978.0,92303092,-3529.4,5.1e-05,UTC+8,"[-0.0427, -0.0451, -0.107, -0.2265, 0.2683, 0.1596]","[-0.0399, 0.0073, -0.0427]"
1744037786350,BTC_USDT,78982.0,-0.0426,78994.2,79020.8,1881124621,14706214159.32196,86922.8,71118.7,74461.5,82780.1,78981.9,78982.0,92357322,-3515.5,5.1e-05,UTC+8,"[-0.0426, -0.0449, -0.1068, -0.2264, 0.2685, 0.1598]","[-0.0398, 0.0075, -0.0426]"
1744037790282,BTC_USDT,78953.9,-0.0429,78977.1,78988.8,1881147377,14706393920.0396,86887.6,71089.9,74461.5,82780.1,78953.8,78953.9,92401086,-3543.6,5.1e-05,UTC+8,"[-0.0429, -0.0452, -0.1071, -0.2267, 0.2681, 0.1594]","[-0.0401, 0.0071, -0.0429]"
1744037792301,BTC_USDT,78937.6,-0.0431,78958.3,78995.4,1881155632,14706459095.12222,86894.9,71095.8,74461.5,82780.1,78952.9,78953.0,90064352,-3559.9,5.1e-05,UTC+8,"[-0.0431, -0.0454, -0.1073, -0.2268, 0.2678, 0.1592]","[-0.0403, 0.0069, -0.0431]"
1744037794307,BTC_USDT,78953.9,-0.0429,78954.5,78991.7,1881164012,14706525256.57426,86890.8,71092.5,74461.5,82780.1,78954.9,78955.0,90086936,-3543.6,5.1e-05,UTC+8,"[-0.0429, -0.0452, -0.1071, -0.2267, 0.2681, 0.1594]","[-0.0401, 0.0071, -0.0429]"
1744037796314,BTC_USDT,78905.5,-0.0435,78936.2,78935.2,1881169807,14706570998.7913,86828.7,71041.6,74461.5,82780.1,78888.1,78891.5,90087281,-3592.0,5.1e-05,UTC+8,"[-0.0435, -0.0458, -0.1077, -0.2272, 0.2673, 0.1587]","[-0.0407, 0.0065, -0.0435]"
1744037798320,BTC_USDT,78871.7,-0.0439,78888,78905.2,1881284624,14707476683.14548,86795.7,71014.6,74461.5,82780.1,78870,78871.1,90104840,-3625.8,5.1e-05,UTC+8,"[-0.0439, -0.0462, -0.1081, -0.2275, 0.2668, 0.1582]","[-0.0411, 0.0061, -0.0439]"
1744037800303,BTC_USDT,78900.7,-0.0435,78882.5,78919.5,1881294531,14707554816.97274,86811.4,71027.5,74461.5,82780.1,78898.6,78898.7,90109426,-3596.8,5.1e-05,UTC+8,"[-0.0435, -0.0459, -0.1078, -0.2272, 0.2672, 0.1587]","[-0.0407, 0.0065, -0.0435]"
1744037804307,BTC_USDT,78889.9,-0.0437,78896.8,78930.0,1881361686,14708084490.8053,86823.0,71037,74461.5,82780.1,78889.9,78890.0,90146078,-3607.6,5.1e-05,UTC+8,"[-0.0437, -0.046, -0.1079, -0.2273, 0.2671, 0.1585]","[-0.0409, 0.0063, -0.0437]"
1744037806301,BTC_USDT,78868.7,-0.0439,78884.8,78907.8,1881382857,14708251511.61177,86798.5,71017,74461.5,82780.1,78868.7,78868.8,90154534,-3628.8,5.1e-05,UTC+8,"[-0.0439, -0.0463, -0.1081, -0.2275, 0.2667, 0.1582]","[-0.0411, 0.0061, -0.0439]"
1744037808301,BTC_USDT,78880.8,-0.0438,78889.3,78915.5,1881417021,14708521002.0428,86807.0,71023.9,74461.5,82780.1,78880.8,78880.9,90245839,-3616.7,5.1e-05,UTC+8,"[-0.0438, -0.0461, -0.108, -0.2274, 0.2669, 0.1584]","[-0.041, 0.0062, -0.0438]"
1744037810312,BTC_USDT,78934.8,-0.0431,78916.8,78958.9,1881424048,14708576437.37751,86854.7,71063,74461.5,82780.1,78935.9,78936.0,89979929,-3562.7,5.1e-05,UTC+8,"[-0.0431, -0.0455, -0.1074, -0.2269, 0.2678, 0.1592]","[-0.0403, 0.0069, -0.0431]"
1744037812297,BTC_USDT,78960.9,-0.0428,78960.1,78997.2,1881441358,14708713085.24482,86896.9,71097.4,74461.5,82780.1,78958.8,78958.9,89993366,-3536.6,5.1e-05,UTC+8,"[-0.0428, -0.0452, -0.1071, -0.2266, 0.2682, 0.1595]","[-0.04, 0.0072, -0.0428]"
1744037816315,BTC_USDT,78976.1,-0.0426,78971.5,79008.6,1881518968,14709325918.58084,86909.4,71107.7,74461.5,82780.1,78994.4,78994.5,90188140,-3521.4,5.1e-05,UTC+8,"[-0.0426, -0.045, -0.1069, -0.2265, 0.2684, 0.1598]","[-0.0398, 0.0074, -0.0426]"
1744037818313,BTC_USDT,78992.7,-0.0424,79009.7,79039.0,1881521854,14709348716.64233,86942.9,71135.1,74461.5,82780.1,78974.2,78974.3,90191273,-3504.8,5.1e-05,UTC+8,"[-0.0424, -0.0448, -0.1067, -0.2263, 0.2687, 0.16]","[-0.0396, 0.0076, -0.0424]"
1744037820301,BTC_USDT,78955.0,-0.0429,78972.6,79000.9,1881679397,14710592859.05451,86900.9,71100.8,74461.5,82780.1,78967.4,78970.3,90192384,-3542.5,5.1e-05,UTC+8,"[-0.0429, -0.0452, -0.1071, -0.2267, 0.2681, 0.1595]","[-0.0401, 0.0072, -0.0429]"
1744037822352,BTC_USDT,79002.1,-0.0423,79009.7,79046.9,1881684263,14710631293.95568,86951.5,71142.2,74461.5,82780.1,79002,79009.6,90198525,-3495.4,5.1e-05,UTC+8,"[-0.0423, -0.0447, -0.1066, -0.2262, 0.2689, 0.1601]","[-0.0395, 0.0078, -0.0423]"
1744037824319,BTC_USDT,79035.5,-0.0419,79031,79067.2,1881689405,14710671924.95211,86973.9,71160.4,74461.5,82780.1,79039,79039.1,90212570,-3462.0,5.1e-05,UTC+8,"[-0.0419, -0.0443, -0.1062, -0.2259, 0.2694, 0.1606]","[-0.0391, 0.0082, -0.0419]"
1744037828294,BTC_USDT,79034.0,-0.0419,79024.8,79067.0,1881768255,14711295059.59182,86973.7,71160.3,74461.5,82780.1,79039.5,79039.6,89981105,-3463.5,5.1e-05,UTC+8,"[-0.0419, -0.0443, -0.1062, -0.2259, 0.2694, 0.1606]","[-0.0391, 0.0082, -0.0419]"
1744037830278,BTC_USDT,78994.0,-0.0424,79002,79032.5,1881779758,14711385962.22881,86935.7,71129.2,74461.5,82780.1,78989.4,78989.5,89988312,-3503.5,5.1e-05,UTC+8,"[-0.0424, -0.0448, -0.1067, -0.2263, 0.2687, 0.16]","[-0.0396, 0.0077, -0.0424]"
1744037832296,BTC_USDT,79033.3,-0.0419,79029.9,79063.0,1881800567,14711550362.57784,86969.3,71156.7,74461.5,82780.1,79034.3,79038.0,90028652,-3464.2,5.1e-05,UTC+8,"[-0.0419, -0.0443, -0.1063, -0.2259, 0.2694, 0.1606]","[-0.0391, 0.0082, -0.0419]"
1744037834290,BTC_USDT,79050.9,-0.0417,79066,79089.0,1881834730,14711820438.07027,86997.9,71180.1,74461.5,82780.1,79050.8,79050.9,90049996,-3446.6,5.1e-05,UTC+8,"[-0.0417, -0.0441, -0.1061, -0.2257, 0.2696, 0.1609]","[-0.0389, 0.0084, -0.0417]"
1744037836301,BTC_USDT,79021.0,-0.0421,79037.9,79066.9,1881877119,14712155506.30411,86973.5,71160.2,74461.5,82780.1,79019.1,79019.2,90141007,-3476.5,5.1e-05,UTC+8,"[-0.0421, -0.0444, -0.1064, -0.226, 0.2692, 0.1604]","[-0.0393, 0.008, -0.0421]"
1744037838298,BTC_USDT,79009.2,-0.0422,79006.1,79042.6,1881885228,14712219573.28349,86946.8,71138.3,74461.5,82780.1,78997.4,78997.5,90147601,-3488.3,5.1e-05,UTC+8,"[-0.0422, -0.0446, -0.1065, -0.2261, 0.269, 0.1602]","[-0.0394, 0.0079, -0.0422]"
1744037842303,BTC_USDT,78937.4,-0.0431,78938.6,78971.0,1881944144,14712684653.49666,86868.1,71073.9,74461.5,82780.1,78937.6,78937.7,90161377,-3560.1,5.1e-05,UTC+8,"[-0.0431, -0.0454, -0.1073, -0.2268, 0.2678, 0.1592]","[-0.0403, 0.0069, -0.0431]"
1744037844295,BTC_USDT,78924.0,-0.0433,78935.5,78973.2,1881964951,14712848897.15544,86870.5,71075.8,74461.5,82780.1,78924.5,78926.2,90185116,-3573.5,5.1e-05,UTC+8,"[-0.0433, -0.0456, -0.1075, -0.227, 0.2676, 0.159]","[-0.0405, 0.0068, -0.0433]"
1744037846309,BTC_USDT,78897.8,-0.0436,78888.5,78923.8,1882007297,14713183012.44206,86816.1,71031.4,74461.5,82780.1,78885,78885.1,90210313,-3599.7,5.1e-05,UTC+8,"[-0.0436, -0.0459, -0.1078, -0.2272, 0.2672, 0.1586]","[-0.0408, 0.0064, -0.0436]"
1744037848303,BTC_USDT,78916.5,-0.0434,78908.2,78948.3,1882037507,14713421341.01849,86843.1,71053.4,74461.5,82780.1,78916.5,78916.6,89844493,-3581.0,5.1e-05,UTC+8,"[-0.0434, -0.0457, -0.1076, -0.2271, 0.2675, 0.1589]","[-0.0406, 0.0067, -0.0434]"
1744037850300,BTC_USDT,78914.1,-0.0434,78889.2,78939.2,1882053472,14713547288.94478,86833.1,71045.2,74461.5,82780.1,78914.1,78914.2,89870048,-3583.4,5.1e-05,UTC+8,"[-0.0434, -0.0457, -0.1076, -0.2271, 0.2674, 0.1589]","[-0.0406, 0.0066, -0.0434]"
1744037854305,BTC_USDT,79047.5,-0.0418,79042.2,79080.0,1882081751,14713770511.53821,86988.0,71172,74461.5,82780.1,79043.7,79043.8,89880708,-3450.0,5.1e-05,UTC+8,"[-0.0418, -0.0441, -0.1061, -0.2258, 0.2696, 0.1608]","[-0.039, 0.0083, -0.0418]"
1744037856299,BTC_USDT,79059.9,-0.0416,79060,79095.1,1882152673,14714331127.65483,87004.6,71185.5,74461.5,82780.1,79052.5,79052.6,89881730,-3437.6,5.1e-05,UTC+8,"[-0.0416, -0.044, -0.106, -0.2256, 0.2698, 0.161]","[-0.0388, 0.0085, -0.0416]"
1744037858295,BTC_USDT,79030.7,-0.042,79042.3,79078.4,1882156223,14714359187.3513,86986.2,71170.5,74461.5,82780.1,79028.4,79030.7,89886619,-3466.8,5.1e-05,UTC+8,"[-0.042, -0.0443, -0.1063, -0.2259, 0.2693, 0.1606]","[-0.0392, 0.0081, -0.042]"
1744037860308,BTC_USDT,79005.9,-0.0423,79018.8,79043.9,1882169069,14714460693.71025,86948.2,71139.5,74461.5,82780.1,79010,79010.1,89907230,-3491.6,5.1e-05,UTC+8,"[-0.0423, -0.0446, -0.1066, -0.2262, 0.2689, 0.1602]","[-0.0395, 0.0078, -0.0423]"
1744037862306,BTC_USDT,78956.0,-0.0429,78973.9,79011.6,1882189448,14714621604.85394,86912.7,71110.4,74461.5,82780.1,78958.1,78958.2,89937013,-3541.5,5.1e-05,UTC+8,"[-0.0429, -0.0452, -0.1071, -0.2267, 0.2681, 0.1595]","[-0.0401, 0.0072, -0.0429]"
1744037866292,BTC_USDT,78974.9,-0.0426,78959.6,79009.3,1882209159,14714777234.26534,86910.2,71108.3,74461.5,82780.1,78974.8,78974.9,89939236,-3522.6,5.1e-05,UTC+8,"[-0.0426, -0.045, -0.1069, -0.2265, 0.2684, 0.1597]","[-0.0398, 0.0074, -0.0426]"
1744037868305,BTC_USDT,78942.7,-0.043,78964.5,79000.9,1882214834,14714822047.65034,86900.9,71100.8,74461.5,82780.1,78962,78962.1,89941532,-3554.8,5.1e-05,UTC+8,"[-0.043, -0.0454, -0.1073, -0.2268, 0.2679, 0.1593]","[-0.0402, 0.007, -0.043]"
1744037870313,BTC_USDT,78948.9,-0.043,78946.1,78984.1,1882217275,14714841320.8572,86882.5,71085.6,74461.5,82780.1,78948.8,78948.9,89843597,-3548.6,5.1e-05,UTC+8,"[-0.043, -0.0453, -0.1072, -0.2267, 0.268, 0.1594]","[-0.0402, 0.0071, -0.043]"
1744037872301,BTC_USDT,78966.5,-0.0428,78965,79002.0,1882222870,14714885494.25577,86902.2,71101.8,74461.5,82780.1,78969.6,78969.7,89852532,-3531.0,5.1e-05,UTC+8,"[-0.0428, -0.0451, -0.107, -0.2266, 0.2683, 0.1596]","[-0.0399, 0.0073, -0.0428]"
1744037874285,BTC_USDT,78994.1,-0.0424,78985.2,79023.3,1882292368,14715434386.93101,86925.6,71120.9,74461.5,82780.1,78994.1,78994.2,89964652,-3503.4,5.1e-05,UTC+8,"[-0.0424, -0.0448, -0.1067, -0.2263, 0.2687, 0.16]","[-0.0396, 0.0077, -0.0424]"
1744037876305,BTC_USDT,78990.0,-0.0425,78985.5,79039.3,1882436315,14716571443.33928,86943.2,71135.3,74461.5,82780.1,78999.9,79000.0,90090739,-3507.5,5.1e-05,UTC+8,"[-0.0425, -0.0448, -0.1067, -0.2263, 0.2687, 0.16]","[-0.0397, 0.0076, -0.0425]"
1744037880314,BTC_USDT,78987.2,-0.0425,78979.3,79017.5,1882466225,14716807695.37907,86919.2,71115.7,74461.5,82780.1,78987.8,78991.3,90145272,-3510.3,5.1e-05,UTC+8,"[-0.0425, -0.0448, -0.1068, -0.2264, 0.2686, 0.1599]","[-0.0397, 0.0076, -0.0425]"
1744037882306,BTC_USDT,78964.3,-0.0428,78971.2,79006.3,1882473671,14716866496.24127,86906.9,71105.6,74461.5,82780.1,78964.2,78964.3,90156178,-3533.2,5.1e-05,UTC+8,"[-0.0428, -0.0451, -0.107, -0.2266, 0.2683, 0.1596]","[-0.04, 0.0073, -0.0428]"
1744037884307,BTC_USDT,78960.2,-0.0428,78960.2,78998.5,1882489478,14716991302.82449,86898.3,71098.6,74461.5,82780.1,78960,78960.1,90158899,-3537.3,5.1e-05,UTC+8,"[-0.0428, -0.0452, -0.1071, -0.2266, 0.2682, 0.1595]","[-0.04, 0.0072, -0.0428]"
1744037886303,BTC_USDT,79055.5,-0.0417,78995.3,79043.6,1882515383,14717195989.8735,86947.9,71139.2,74461.5,82780.1,79047.7,79047.8,90208168,-3442.0,5.1e-05,UTC+8,"[-0.0417, -0.044, -0.106, -0.2257, 0.2697, 0.1609]","[-0.0389, 0.0084, -0.0417]"
1744037888297,BTC_USDT,79048.8,-0.0418,79043.2,79071.0,1882518854,14717223424.97835,86978.1,71163.9,74461.5,82780.1,79048.7,79048.8,90210999,-3448.7,5.1e-05,UTC+8,"[-0.0418, -0.0441, -0.1061, -0.2258, 0.2696, 0.1608]","[-0.0389, 0.0084, -0.0418]"
1744037892289,BTC_USDT,78931.3,-0.0432,78935,78968.0,1882574288,14717661377.75876,86864.8,71071.2,74461.5,82780.1,78934,78934.1,90049699,-3566.2,5.1e-05,UTC+8,"[-0.0432, -0.0455, -0.1074, -0.2269, 0.2677, 0.1591]","[-0.0404, 0.0069, -0.0432]"
1744037894295,BTC_USDT,78962.6,-0.0428,78944.3,78982.8,1882579730,14717704339.38081,86881.0,71084.5,74461.5,82780.1,78968.2,78968.3,90056430,-3534.9,5.1e-05,UTC+8,"[-0.0428, -0.0451, -0.1071, -0.2266, 0.2682, 0.1596]","[-0.04, 0.0073, -0.0428]"
1744037896325,BTC_USDT,79002.0,-0.0423,78968.5,79007.0,1882606742,14717917618.14273,86907.7,71106.3,74461.5,82780.1,79013.4,79013.5,90059712,-3495.5,5.1e-05,UTC+8,"[-0.0423, -0.0447, -0.1066, -0.2262, 0.2689, 0.1601]","[-0.0395, 0.0078, -0.0423]"
1744037898296,BTC_USDT,79042.0,-0.0418,79017.3,79052.8,1882643160,14718205385.89697,86958.0,71147.5,74461.5,82780.1,79047.3,79047.4,90108141,-3455.5,5.1e-05,UTC+8,"[-0.0418, -0.0442, -0.1062, -0.2258, 0.2695, 0.1607]","[-0.039, 0.0083, -0.0418]"
1744037900292,BTC_USDT,79046.2,-0.0418,79046.1,79083.7,1882663736,14718368035.01402,86992.0,71175.3,74461.5,82780.1,79047.3,79047.4,90124857,-3451.3,5.1e-05,UTC+8,"[-0.0418, -0.0441, -0.1061, -0.2258, 0.2696, 0.1608]","[-0.039, 0.0083, -0.0418]"
1744037904297,BTC_USDT,78992.3,-0.0424,79028.8,79043.6,1882713450,14718760871.93143,86947.9,71139.2,74461.5,82780.1,78992.3,78992.4,90195319,-3505.2,5.1e-05,UTC+8,"[-0.0424, -0.0448, -0.1067, -0.2263, 0.2687, 0.16]","[-0.0396, 0.0076, -0.0424]"
1744037906295,BTC_USDT,79045.6,-0.0418,79067.5,79105.8,1882736072,14718939573.28012,87016.3,71195.2,74461.5,82780.1,79030.8,79036.8,90195907,-3451.9,5.1e-05,UTC+8,"[-0.0418, -0.0441, -0.1061, -0.2258, 0.2696, 0.1608]","[-0.039, 0.0083, -0.0418]"
1744037908310,BTC_USDT,79028.4,-0.042,79039.8,79078.3,1882769963,14719207439.50517,86986.1,71170.4,74461.5,82780.1,79033.9,79034.0,90234090,-3469.1,5.1e-05,UTC+8,"[-0.042, -0.0443, -0.1063, -0.226, 0.2693, 0.1605]","[-0.0392, 0.0081, -0.042]"
1744037910280,BTC_USDT,79000.0,-0.0423,79028.9,79051.5,1882776207,14719256784.67909,86956.6,71146.3,74461.5,82780.1,79004.6,79004.7,90086318,-3497.5,5.1e-05,UTC+8,"[-0.0423, -0.0447, -0.1066, -0.2262, 0.2688, 0.1601]","[-0.0395, 0.0077, -0.0423]"
1744037912298,BTC_USDT,78981.1,-0.0426,78981.9,79020.2,1882813658,14719552576.87948,86922.2,71118.1,74461.5,82780.1,78985.6,78985.7,90118988,-3516.4,5.1e-05,UTC+8,"[-0.0426, -0.0449, -0.1068, -0.2264, 0.2685, 0.1598]","[-0.0398, 0.0075, -0.0426]"
1744037914304,BTC_USDT,78959.4,-0.0428,78964.3,78981.0,1882838069,14719745359.93513,86879.1,71082.9,74461.5,82780.1,78962.4,78962.5,90123779,-3538.1,5.1e-05,UTC+8,"[-0.0428, -0.0452, -0.1071, -0.2266, 0.2682, 0.1595]","[-0.04, 0.0072, -0.0428]"
1744037918320,BTC_USDT,79031.4,-0.042,79027.2,79065.4,1882843956,14719791870.07634,86971.9,71158.8,74461.5,82780.1,79030,79030.1,90128528,-3466.1,5.1e-05,UTC+8,"[-0.042, -0.0443, -0.1063, -0.2259, 0.2693, 0.1606]","[-0.0392, 0.0081, -0.042]"
1744037920296,BTC_USDT,79074.1,-0.0414,79047.4,79088.3,1882873510,14720025438.03326,86997.1,71179.4,74461.5,82780.1,79057.5,79057.6,90129239,-3423.4,5.1e-05,UTC+8,"[-0.0414, -0.0438, -0.1058, -0.2255, 0.27, 0.1612]","[-0.0386, 0.0087, -0.0414]"
1744037922300,BTC_USDT,79028.7,-0.042,79051.2,79085.1,1882921903,14720407955.51049,86993.6,71176.5,74461.5,82780.1,79023.9,79024.0,90211962,-3468.8,5.1e-05,UTC+8,"[-0.042, -0.0443, -0.1063, -0.226, 0.2693, 0.1605]","[-0.0392, 0.0081, -0.042]"
1744037924285,BTC_USDT,79015.5,-0.0422,79050.8,79074.9,1882968746,14720778128.08762,86982.3,71167.4,74461.5,82780.1,79009.1,79009.2,90222241,-3482.0,5.1e-05,UTC+8,"[-0.0422, -0.0445, -0.1065, -0.2261, 0.2691, 0.1603]","[-0.0393, 0.0079, -0.0422]"
1744037926305,BTC_USDT,78969.3,-0.0427,79002,79034.7,1882977367,14720846232.46957,86938.1,71131.2,74461.5,82780.1,78963.3,78963.4,90233494,-3528.2,5.1e-05,UTC+8,"[-0.0427, -0.0451, -0.107, -0.2265, 0.2683, 0.1597]","[-0.0399, 0.0073, -0.0427]"
1744037930300,BTC_USDT,78960.5,-0.0428,78961.5,78999.6,1882989074,14720938670.25423,86899.5,71099.6,74461.5,82780.1,78955.6,78955.7,90074619,-3537.0,5.1e-05,UTC+8,"[-0.0428, -0.0452, -0.1071, -0.2266, 0.2682, 0.1595]","[-0.04, 0.0072, -0.0428]"
1744037932304,BTC_USDT,78987.5,-0.0425,78965.6,79002.3,1883004978,14721064271.57615,86902.5,71102,74461.5,82780.1,78987.4,78987.5,90083952,-3510.0,5.1e-05,UTC+8,"[-0.0425, -0.0448, -0.1068, -0.2264, 0.2686, 0.1599]","[-0.0397, 0.0076, -0.0425]"
1744037934292,BTC_USDT,79000.0,-0.0423,79000,79030.7,1883015471,14721147155.97587,86933.7,71127.6,74461.5,82780.1,78994.9,78995.0,90088597,-3497.5,5.1e-05,UTC+8,"[-0.0423, -0.0447, -0.1066, -0.2262, 0.2688, 0.1601]","[-0.0395, 0.0077, -0.0423]"
1744037936291,BTC_USDT,78984.0,-0.0425,79002.9,79036.0,1883024737,14721220358.68981,86939.6,71132.4,74461.5,82780.1,78984,78985.4,90101323,-3513.5,5.1e-05,UTC+8,"[-0.0425, -0.0449, -0.1068, -0.2264, 0.2686, 0.1599]","[-0.0397, 0.0075, -0.0425]"
1744037938322,BTC_USDT,78986.9,-0.0425,78990.4,79010.3,1883032468,14721281425.57112,86911.3,71109.2,74461.5,82780.1,78991.9,78992.0,90111999,-3510.6,5.1e-05,UTC+8,"[-0.0425, -0.0448, -0.1068, -0.2264, 0.2686, 0.1599]","[-0.0397, 0.0076, -0.0425]"
1744037942297,BTC_USDT,79040.0,-0.0419,79009,79053.1,1883098296,14721801423.25082,86958.4,71147.7,74461.5,82780.1,79037.4,79037.5,90202036,-3457.5,5.1e-05,UTC+8,"[-0.0419, -0.0442, -0.1062, -0.2258, 0.2695, 0.1607]","[-0.039, 0.0082, -0.0419]"
1744037944302,BTC_USDT,79032.6,-0.042,79041.8,79078.6,1883107526,14721874374.27091,86986.4,71170.7,74461.5,82780.1,79032.6,79032.7,90217965,-3464.9,5.1e-05,UTC+8,"[-0.042, -0.0443, -0.1063, -0.2259, 0.2694, 0.1606]","[-0.0391, 0.0082, -0.042]"
1744037946303,BTC_USDT,79061.4,-0.0416,79030.6,79064.7,1883139386,14722126171.37769,86971.1,71158.2,74461.5,82780.1,79061.7,79061.8,90242947,-3436.1,5.1e-05,UTC+8,"[-0.0416, -0.0439, -0.1059, -0.2256, 0.2698, 0.161]","[-0.0388, 0.0085, -0.0416]"
1744037948304,BTC_USDT,79082.5,-0.0413,79048.4,79086.5,1883174202,14722401425.86051,86995.1,71177.8,74461.5,82780.1,79078.7,79082.5,90312490,-3415.0,5.1e-05,UTC+8,"[-0.0413, -0.0437, -0.1057, -0.2254, 0.2702, 0.1613]","[-0.0385, 0.0088, -0.0413]"
1744037950281,BTC_USDT,79032.6,-0.042,79054.4,79084.3,1883191784,14722540406.49026,86992.7,71175.8,74461.5,82780.1,79030.1,79030.2,90323242,-3464.9,5.1e-05,UTC+8,"[-0.042, -0.0443, -0.1063, -0.2259, 0.2694, 0.1606]","[-0.0391, 0.0082, -0.042]"
1744037952303,BTC_USDT,79010.5,-0.0422,79025,79056.4,1883238610,14722910468.22258,86962.0,71150.7,74461.5,82780.1,79003.4,79003.5,90190576,-3487.0,5.1e-05,UTC+8,"[-0.0422, -0.0446, -0.1065, -0.2261, 0.269, 0.1603]","[-0.0394, 0.0079, -0.0422]"
1744037956307,BTC_USDT,78939.8,-0.0431,78950.5,78984.4,1883254648,14723037173.07418,86882.8,71085.9,74461.5,82780.1,78924.6,78924.7,90198500,-3557.7,5.1e-05,UTC+8,"[-0.0431, -0.0454, -0.1073, -0.2268, 0.2679, 0.1592]","[-0.0403, 0.007, -0.0431]"
1744037958343,BTC_USDT,78922.1,-0.0433,78924,78956.8,1883435486,14724464280.25217,86852.4,71061.1,74461.5,82780.1,78922.1,78922.2,90204077,-3575.4,5.1e-05,UTC+8,"[-0.0433, -0.0456, -0.1075, -0.227, 0.2676, 0.159]","[-0.0405, 0.0067, -0.0433]"
1744037960295,BTC_USDT,78954.6,-0.0429,78944.3,78983.4,1883492559,14724914852.44504,86881.7,71085,74461.5,82780.1,78954.6,78954.7,90207558,-3542.9,5.1e-05,UTC+8,"[-0.0429, -0.0452, -0.1071, -0.2267, 0.2681, 0.1594]","[-0.0401, 0.0072, -0.0429]"
1744037962293,BTC_USDT,78972.8,-0.0427,78987.1,79025.3,1883506822,14725027513.92878,86927.8,71122.7,74461.5,82780.1,78958.3,78958.4,90241328,-3524.7,5.1e-05,UTC+8,"[-0.0427, -0.045, -0.1069, -0.2265, 0.2684, 0.1597]","[-0.0399, 0.0074, -0.0427]"
1744037964299,BTC_USDT,79013.8,-0.0422,79003.4,79038.2,1883545096,14725329800.16768,86942.0,71134.3,74461.5,82780.1,79013.8,79013.9,90313333,-3483.7,5.1e-05,UTC+8,"[-0.0422, -0.0445, -0.1065, -0.2261, 0.269, 0.1603]","[-0.0394, 0.0079, -0.0422]"
1744037968341,BTC_USDT,79083.6,-0.0413,79060.1,79102.8,1883612830,14725865093.56749,87013.0,71192.5,74461.5,82780.1,79083.5,79083.6,90338211,-3413.9,5.1e-05,UTC+8,"[-0.0413, -0.0437, -0.1057, -0.2254, 0.2702, 0.1613]","[-0.0385, 0.0088, -0.0413]"
1744037970315,BTC_USDT,79115.1,-0.041,79122,79160.6,1883638962,14726071843.16397,87076.6,71244.5,74461.5,82780.1,79107.7,79110.2,90343750,-3382.4,5.1e-05,UTC+8,"[-0.041, -0.0433, -0.1053, -0.2251, 0.2707, 0.1618]","[-0.0381, 0.0092, -0.041]"
1744037972304,BTC_USDT,79137.2,-0.0407,79129,79168.1,1883691152,14726484777.85201,87084.9,71251.2,74461.5,82780.1,79137.2,79137.3,90111924,-3360.3,5.1e-05,UTC+8,"[-0.0407, -0.043, -0.1051, -0.2249, 0.271, 0.1621]","[-0.0379, 0.0095, -0.0407]"
1744037974309,BTC_USDT,79122.4,-0.0409,79126.4,79164.3,1883818845,14727495257.66655,87080.7,71247.8,74461.5,82780.1,79115.4,79115.5,90143376,-3375.1,5.1e-05,UTC+8,"[-0.0409, -0.0432, -0.1052, -0.225, 0.2708, 0.1619]","[-0.038, 0.0093, -0.0409]"
1744037976345,BTC_USDT,79097.6,-0.0412,79122.9,79153.6,1883954681,14728569725.98164,87068.9,71238.2,74461.5,82780.1,79097.5,79097.6,90433047,-3399.9,5.1e-05,UTC+8,"[-0.0412, -0.0435, -0.1055, -0.2253, 0.2704, 0.1615]","[-0.0383, 0.009, -0.0412]"
1744037980308,BTC_USDT,79055.1,-0.0417,79055.1,79092.6,1884040851,14729251188.78423,87001.8,71183.3,74461.5,82780.1,79031.6,79031.7,90441374,-3442.4,5.1e-05,UTC+8,"[-0.0417, -0.044, -0.106, -0.2257, 0.2697, 0.1609]","[-0.0389, 0.0084, -0.0417]"
1744037982295,BTC_USDT,79013.8,-0.0422,79026.3,79065.1,1884055403,14729366198.32131,86971.6,71158.5,74461.5,82780.1,79013.8,79013.9,90447621,-3483.7,5.1e-05,UTC+8,"[-0.0422, -0.0445, -0.1065, -0.2261, 0.269, 0.1603]","[-0.0394, 0.0079, -0.0422]"
1744037984295,BTC_USDT,78985.6,-0.0425,79002,79037.9,1884070288,14729483791.89551,86941.6,71134.1,74461.5,82780.1,78985.6,78985.7,90463220,-3511.9,5.1e-05,UTC+8,"[-0.0425, -0.0449, -0.1068, -0.2264, 0.2686, 0.1599]","[-0.0397, 0.0076, -0.0425]"
1744037986312,BTC_USDT,79026.6,-0.042,79007.6,79046.2,1884085737,14729605826.492,86950.8,71141.5,74461.5,82780.1,79026.6,79026.7,90478427,-3470.9,5.1e-05,UTC+8,"[-0.042, -0.0444, -0.1063, -0.226, 0.2693, 0.1605]","[-0.0392, 0.0081, -0.042]"
1744037988295,BTC_USDT,79035.8,-0.0419,79041.2,79079.7,1884089423,14729634958.17037,86987.6,71171.7,74461.5,82780.1,79035.7,79035.8,89936151,-3461.7,5.1e-05,UTC+8,"[-0.0419, -0.0443, -0.1062, -0.2259, 0.2694, 0.1606]","[-0.0391, 0.0082, -0.0419]"
1744037990301,BTC_USDT,79038.1,-0.0419,79038.8,79076.0,1884107936,14729781282.13906,86983.6,71168.4,74461.5,82780.1,79038,79038.1,89944164,-3459.4,5.1e-05,UTC+8,"[-0.0419, -0.0442, -0.1062, -0.2259, 0.2694, 0.1607]","[-0.0391, 0.0082, -0.0419]"
1744037994295,BTC_USDT,79056.8,-0.0417,79051,79087.8,1884145418,14730077557.83741,86996.5,71179,74461.5,82780.1,79056.8,79056.9,89972694,-3440.7,5.1e-05,UTC+8,"[-0.0417, -0.044, -0.106, -0.2257, 0.2697, 0.1609]","[-0.0388, 0.0085, -0.0417]"
1744037996297,BTC_USDT,79038.1,-0.0419,79067.5,79074.4,1884186169,14730399653.71771,86981.8,71166.9,74461.5,82780.1,79029.4,79029.5,89976992,-3459.4,5.1e-05,UTC+8,"[-0.0419, -0.0442, -0.1062, -0.2259, 0.2694, 0.1607]","[-0.0391, 0.0082, -0.0419]"
1744037998309,BTC_USDT,79026.6,-0.042,79036,79069.7,1884201237,14730518744.05843,86976.6,71162.7,74461.5,82780.1,79020.7,79020.8,89977322,-3470.9,5.1e-05,UTC+8,"[-0.042, -0.0444, -0.1063, -0.226, 0.2693, 0.1605]","[-0.0392, 0.0081, -0.042]"
1744038000456,BTC_USDT,79022.9,-0.0421,79004,79043.2,1854750227,14487626901.63888,86947.5,71138.8,74461.5,82780.1,79020.4,79020.5,90006655,-3474.6,5.1e-05,UTC+8,"[-0.0421, -0.0444, -0.1064, -0.226, 0.2692, 0.1604]","[-0.0436, 0.008, -0.0421]"
1744038002316,BTC_USDT,78935.6,-0.0431,78939.5,78978.3,1854763993,14487735590.88855,86876.1,71080.4,74461.5,82780.1,78948.5,78948.6,90029427,-3561.9,5.1e-05,UTC+8,"[-0.0431, -0.0455, -0.1074, -0.2269, 0.2678, 0.1592]","[-0.0447, 0.0069, -0.0431]"
1744038006308,BTC_USDT,79008.9,-0.0422,78996.1,79037.7,1854815793,14488144646.75563,86941.4,71133.9,74461.5,82780.1,79008.8,79008.9,90149337,-3488.6,5.1e-05,UTC+8,"[-0.0422, -0.0446, -0.1065, -0.2261, 0.269, 0.1602]","[-0.0438, 0.0078, -0.0422]"
1744038008313,BTC_USDT,79011.0,-0.0422,79028.7,79061.1,1854888883,14488722196.15277,86967.2,71154.9,74461.5,82780.1,79012.3,79014.3,90256748,-3486.5,5.1e-05,UTC+8,"[-0.0422, -0.0446, -0.1065, -0.2261, 0.269, 0.1603]","[-0.0437, 0.0079, -0.0422]"
1744038010300,BTC_USDT,79012.0,-0.0422,79040,79059.8,1854889647,14488728232.71778,86965.7,71153.8,74461.5,82780.1,79023.2,79023.3,90258862,-3485.5,5.1e-05,UTC+8,"[-0.0422, -0.0445, -0.1065, -0.2261, 0.269, 0.1603]","[-0.0437, 0.0079, -0.0422]"
1744038012299,BTC_USDT,79003.4,-0.0423,79022.1,79042.6,1854891392,14488742021.39376,86946.8,71138.3,74461.5,82780.1,79002.4,79003.3,90262858,-3494.1,5.1e-05,UTC+8,"[-0.0423, -0.0446, -0.1066, -0.2262, 0.2689, 0.1602]","[-0.0438, 0.0078, -0.0423]"
1744038014296,BTC_USDT,79003.6,-0.0423,79021.1,79059.7,1855071244,14490163091.96686,86965.6,71153.7,74461.5,82780.1,78998.6,78998.7,89906591,-3493.9,5.1e-05,UTC+8,"[-0.0423, -0.0446, -0.1066, -0.2262, 0.2689, 0.1602]","[-0.0438, 0.0078, -0.0423]"
1744038018302,BTC_USDT,79011.0,-0.0422,78998.6,79038.0,1856731925,14503280695.44127,86941.8,71134.2,74461.5,82780.1,79024.6,79024.7,93400406,-3486.5,5.1e-05,UTC+8,"[-0.0422, -0.0446, -0.1065, -0.2261, 0.269, 0.1603]","[-0.0437, 0.0079, -0.0422]"
1744038020292,BTC_USDT,79029.5,-0.042,79008.3,79036.5,1856801281,14503828749.23963,86940.1,71132.8,74461.5,82780.1,79029.4,79029.5,93401896,-3468.0,5.1e-05,UTC+8,"[-0.042, -0.0443, -0.1063, -0.2259, 0.2693, 0.1605]","[-0.0435, 0.0081, -0.042]"
1744038022292,BTC_USDT,79032.0,-0.042,79027.8,79054.6,1856814357,14503932089.19512,86960.0,71149.1,74461.5,82780.1,79036.6,79036.7,93405088,-3465.5,5.1e-05,UTC+8,"[-0.042, -0.0443, -0.1063, -0.2259, 0.2693, 0.1606]","[-0.0435, 0.0081, -0.042]"
1744038024292,BTC_USDT,79006.0,-0.0423,79030.5,79024.4,1856815105,14503938001.10734,86926.8,71121.9,74461.5,82780.1,78989.9,78990.0,93407126,-3491.5,5.1e-05,UTC+8,"[-0.0423, -0.0446, -0.1066, -0.2262, 0.2689, 0.1602]","[-0.0438, 0.0078, -0.0423]"
1744038026297,BTC_USDT,78999.6,-0.0424,79000.1,79038.5,1856816410,14503948309.90384,86942.3,71134.6,74461.5,82780.1,79022.4,79022.5,93408588,-3497.9,5.1e-05,UTC+8,"[-0.0424, -0.0447, -0.1066, -0.2262, 0.2688, 0.1601]","[-0.0439, 0.0077, -0.0424]"
1744038028265,BTC_USDT,78971.7,-0.0427,79019.8,79036.8,1856827316,14504034482.61468,86940.4,71133.1,74461.5,82780.1,78967.7,78967.8,93416971,-3525.8,5.1e-05,UTC+8,"[-0.0427, -0.045, -0.1069, -0.2265, 0.2684, 0.1597]","[-0.0442, 0.0074, -0.0427]"
1744038032289,BTC_USDT,78924.2,-0.0433,78930.6,78968.6,1856840922,14504141854.99386,86865.4,71071.7,74461.5,82780.1,78907,78909.2,93440922,-3573.3,5.1e-05,UTC+8,"[-0.0433, -0.0456, -0.1075, -0.227, 0.2676, 0.159]","[-0.0448, 0.0068, -0.0433]"
1744038034295,BTC_USDT,78945.9,-0.043,78932,78970.2,1856876504,14504422690.23843,86867.2,71073.1,74461.5,82780.1,78945.9,78946.0,93518423,-3551.6,5.1e-05,UTC+8,"[-0.043, -0.0453, -0.1072, -0.2268, 0.268, 0.1593]","[-0.0445, 0.007, -0.043]"
1744038036308,BTC_USDT,79013.5,-0.0422,78969.5,79007.7,1856883602,14504478760.7236,86908.4,71106.9,74461.5,82780.1,79014.5,79014.6,89909148,-3484.0,5.1e-05,UTC+8,"[-0.0422, -0.0445, -0.1065, -0.2261, 0.269, 0.1603]","[-0.0437, 0.0079, -0.0422]"
1744038038308,BTC_USDT,79039.0,-0.0419,79063.7,79086.5,1856896154,14504577972.19426,86995.1,71177.8,74461.5,82780.1,79034.2,79034.3,89942199,-3458.5,5.1e-05,UTC+8,"[-0.0419, -0.0442, -0.1062, -0.2259, 0.2695, 0.1607]","[-0.0434, 0.0082, -0.0419]"
1744038040326,BTC_USDT,79018.1,-0.0421,79039.2,79049.3,1856906967,14504663416.97221,86954.2,71144.3,74461.5,82780.1,79032.7,79036.6,89962726,-3479.4,5.1e-05,UTC+8,"[-0.0421, -0.0445, -0.1064, -0.2261, 0.2691, 0.1604]","[-0.0437, 0.008, -0.0421]"
1744038044308,BTC_USDT,79100.0,-0.0411,79091.1,79135.3,1856925677,14504811396.83585,87048.8,71221.7,74461.5,82780.1,79128.8,79128.9,90010636,-3397.5,5.1e-05,UTC+8,"[-0.0411, -0.0435, -0.1055, -0.2253, 0.2704, 0.1616]","[-0.0427, 0.009, -0.0411]"
1744038046298,BTC_USDT,79127.6,-0.0408,79140.1,79165.0,1856958406,14505070406.68531,87081.5,71248.5,74461.5,82780.1,79127.8,79127.9,90032278,-3369.9,5.1e-05,UTC+8,"[-0.0408, -0.0431, -0.1052, -0.225, 0.2709, 0.162]","[-0.0423, 0.0094, -0.0408]"
1744038048304,BTC_USDT,79094.0,-0.0412,79123.2,79130.1,1856965848,14505129275.41235,87043.1,71217,74461.5,82780.1,79090,79090.1,89964098,-3403.5,5.1e-05,UTC+8,"[-0.0412, -0.0436, -0.1056, -0.2253, 0.2703, 0.1615]","[-0.0427, 0.0089, -0.0412]"
1744038050300,BTC_USDT,79080.1,-0.0414,79088.9,79127.8,1856975286,14505203917.86981,87040.5,71215,74461.5,82780.1,79083.2,79083.3,89986276,-3417.4,5.1e-05,UTC+8,"[-0.0414, -0.0437, -0.1057, -0.2254, 0.2701, 0.1613]","[-0.0429, 0.0088, -0.0414]"
1744038052299,BTC_USDT,79054.8,-0.0417,79095.7,79125.0,1856988484,14505308306.13144,87037.5,71212.5,74461.5,82780.1,79047.1,79051.6,90019092,-3442.7,5.1e-05,UTC+8,"[-0.0417, -0.044, -0.106, -0.2257, 0.2697, 0.1609]","[-0.0432, 0.0084, -0.0417]"
1744038056278,BTC_USDT,79042.2,-0.0418,79043.8,79075.6,1857042004,14505731292.15276,86983.1,71168,74461.5,82780.1,79032.1,79032.2,90159986,-3455.3,5.1e-05,UTC+8,"[-0.0418, -0.0442, -0.1062, -0.2258, 0.2695, 0.1607]","[-0.0434, 0.0083, -0.0418]"
1744038058275,BTC_USDT,79051.9,-0.0417,79049.2,79087.8,1857046326,14505765458.77696,86996.5,71179,74461.5,82780.1,79058.8,79060.0,90170872,-3445.6,5.1e-05,UTC+8,"[-0.0417, -0.0441, -0.106, -0.2257, 0.2697, 0.1609]","[-0.0433, 0.0084, -0.0417]"
1744038060318,BTC_USDT,79080.0,-0.0414,79070.8,79101.0,1857051012,14505802506.21493,87011.1,71190.9,74461.5,82780.1,79091.9,79094.5,90271627,-3417.5,5.1e-05,UTC+8,"[-0.0414, -0.0437, -0.1057, -0.2255, 0.2701, 0.1613]","[-0.0429, 0.0088, -0.0414]"
1744038062361,BTC_USDT,79128.7,-0.0408,79084.9,79123.2,1857096355,14506161102.90618,87035.5,71210.8,74461.5,82780.1,79130.2,79130.3,90300772,-3368.8,5.1e-05,UTC+8,"[-0.0408, -0.0431, -0.1052, -0.225, 0.2709, 0.162]","[-0.0423, 0.0094, -0.0408]"
1744038064273,BTC_USDT,79175.0,-0.0402,79156.8,79195.1,1857189451,14506897922.12142,87114.6,71275.5,74461.5,82780.1,79180.2,79180.3,90423793,-3322.5,5.1e-05,UTC+8,"[-0.0402, -0.0426, -0.1046, -0.2245, 0.2716, 0.1627]","[-0.0418, 0.01, -0.0402]"
1744038068273,BTC_USDT,79128.7,-0.0408,79138.8,79175.7,1857261572,14507469006.49271,87093.2,71258.1,74461.5,82780.1,79126.3,79126.4,90478071,-3368.8,5.1e-05,UTC+8,"[-0.0408, -0.0431, -0.1052, -0.225, 0.2709, 0.162]","[-0.0423, 0.0094, -0.0408]"
1744038070289,BTC_USDT,79063.4,-0.0416,79062.5,79098.2,1857350634,14508173312.47637,87008.0,71188.3,74461.5,82780.1,79060.9,79062.6,90257787,-3434.1,5.1e-05,UTC+8,"[-0.0416, -0.0439, -0.1059, -0.2256, 0.2698, 0.161]","[-0.0431, 0.0085, -0.0416]"
1744038072283,BTC_USDT,79054.5,-0.0417,79051.9,79082.8,1857393432,14508511665.30728,86991.0,71174.5,74461.5,82780.1,79057.4,79057.5,90263418,-3443.0,5.1e-05,UTC+8,"[-0.0417, -0.044, -0.106, -0.2257, 0.2697, 0.1609]","[-0.0432, 0.0084, -0.0417]"
1744038074295,BTC_USDT,79079.2,-0.0414,79072.1,79105.7,1857416277,14508692284.27526,87016.2,71195.1,74461.5,82780.1,79040,79079.2,90292546,-3418.3,5.1e-05,UTC+8,"[-0.0414, -0.0437, -0.1057, -0.2255, 0.2701, 0.1613]","[-0.0429, 0.0087, -0.0414]"
1744038076318,BTC_USDT,78999.9,-0.0423,79024.3,79051.4,1857438968,14508871560.25824,86956.5,71146.2,74461.5,82780.1,78995.2,78995.3,90313972,-3497.6,5.1e-05,UTC+8,"[-0.0423, -0.0447, -0.1066, -0.2262, 0.2688, 0.1601]","[-0.0439, 0.0077, -0.0423]"
1744038078289,BTC_USDT,78993.5,-0.0424,78989.9,79027.8,1857503326,14509379945.42222,86930.5,71125,74461.5,82780.1,78991.9,78992.0,90314140,-3504.0,5.1e-05,UTC+8,"[-0.0424, -0.0448, -0.1067, -0.2263, 0.2687, 0.16]","[-0.044, 0.0077, -0.0424]"
1744038082294,BTC_USDT,79034.3,-0.0419,79026.3,79070.6,1857565453,14509870713.60452,86977.6,71163.5,74461.5,82780.1,79035.9,79036.0,90380469,-3463.2,5.1e-05,UTC+8,"[-0.0419, -0.0443, -0.1062, -0.2259, 0.2694, 0.1606]","[-0.0435, 0.0082, -0.0419]"
1744038084291,BTC_USDT,79050.5,-0.0417,79054.9,79086.9,1857638040,14510444427.56912,86995.5,71178.2,74461.5,82780.1,79048.3,79048.4,90401110,-3447.0,5.1e-05,UTC+8,"[-0.0417, -0.0441, -0.1061, -0.2257, 0.2696, 0.1609]","[-0.0433, 0.0084, -0.0417]"
1744038086296,BTC_USDT,79080.3,-0.0414,79087.8,79125.7,1857653722,14510568405.406,87038.2,71213.1,74461.5,82780.1,79084.7,79084.8,90412341,-3417.2,5.1e-05,UTC+8,"[-0.0414, -0.0437, -0.1057, -0.2254, 0.2701, 0.1613]","[-0.0429, 0.0088, -0.0414]"
1744038088305,BTC_USDT,79108.8,-0.041,79123,79141.2,1857660550,14510622412.44036,87055.3,71227,74461.5,82780.1,79105.2,79105.3,90414623,-3388.7,5.1e-05,UTC+8,"[-0.041, -0.0434, -0.1054, -0.2252, 0.2706, 0.1617]","[-0.0426, 0.0091, -0.041]"
1744038090281,BTC_USDT,79142.4,-0.0406,79143.3,79181.0,1857700917,14510941831.38805,87099.1,71262.9,74461.5,82780.1,79142.3,79142.4,90458981,-3355.1,5.1e-05,UTC+8,"[-0.0406, -0.043, -0.105, -0.2248, 0.2711, 0.1622]","[-0.0422, 0.0096, -0.0406]"
1744038094304,BTC_USDT,79073.8,-0.0415,79081.1,79118.9,1857763333,14511435534.83231,87030.7,71207,74461.5,82780.1,79079.8,79079.9,90293806,-3423.7,5.1e-05,UTC+8,"[-0.0415, -0.0438, -0.1058, -0.2255, 0.27, 0.1612]","[-0.043, 0.0087, -0.0415]"
1744038096296,BTC_USDT,79063.6,-0.0416,79063.8,79101.5,1857808798,14511794997.34154,87011.6,71191.3,74461.5,82780.1,79063.6,79063.7,90293985,-3433.9,5.1e-05,UTC+8,"[-0.0416, -0.0439, -0.1059, -0.2256, 0.2698, 0.161]","[-0.0431, 0.0085, -0.0416]"
1744038098305,BTC_USDT,79086.9,-0.0413,79088.7,79126.7,1857809841,14511803245.35941,87039.3,71214,74461.5,82780.1,79091.9,79092.0,90294694,-3410.6,5.1e-05,UTC+8,"[-0.0413, -0.0436, -0.1056, -0.2254, 0.2702, 0.1614]","[-0.0428, 0.0088, -0.0413]"
1744038100292,BTC_USDT,79124.1,-0.0408,79110.1,79148.1,1857818868,14511874642.77557,87062.9,71233.2,74461.5,82780.1,79124.1,79124.2,90301257,-3373.4,5.1e-05,UTC+8,"[-0.0408, -0.0432, -0.1052, -0.225, 0.2708, 0.1619]","[-0.0424, 0.0093, -0.0408]"
1744038102291,BTC_USDT,79108.1,-0.041,79130,79154.4,1857826091,14511931789.17991,87069.8,71238.9,74461.5,82780.1,79119,79119.1,90302472,-3389.4,5.1e-05,UTC+8,"[-0.041, -0.0434, -0.1054, -0.2252, 0.2706, 0.1617]","[-0.0426, 0.0091, -0.041]"
1744038104305,BTC_USDT,79139.5,-0.0407,79132.1,79170.7,1857838436,14512029461.003,87087.7,71253.6,74461.5,82780.1,79116.9,79117.0,90309279,-3358.0,5.1e-05,UTC+8,"[-0.0407, -0.043, -0.105, -0.2249, 0.2711, 0.1622]","[-0.0422, 0.0095, -0.0407]"
1744038108299,BTC_USDT,79148.0,-0.0406,79141.7,79176.9,1857870661,14512284469.50844,87094.5,71259.2,74461.5,82780.1,79152.7,79154.1,90312339,-3349.5,5.1e-05,UTC+8,"[-0.0406, -0.0429, -0.105, -0.2248, 0.2712, 0.1623]","[-0.0421, 0.0096, -0.0406]"
1744038110297,BTC_USDT,79121.9,-0.0409,79158.4,79167.5,1857974027,14513102648.17491,87084.2,71250.7,74461.5,82780.1,79143.1,79143.2,90343862,-3375.6,5.1e-05,UTC+8,"[-0.0409, -0.0432, -0.1052, -0.225, 0.2708, 0.1619]","[-0.0424, 0.0093, -0.0409]"
1744038112322,BTC_USDT,79136.4,-0.0407,79142.7,79181.0,1857977754,14513132141.26059,87099.1,71262.9,74461.5,82780.1,79145.7,79145.8,90169352,-3361.1,5.1e-05,UTC+8,"[-0.0407, -0.043, -0.1051, -0.2249, 0.271, 0.1621]","[-0.0422, 0.0095, -0.0407]"
1744038114299,BTC_USDT,79185.1,-0.0401,79181.4,79214.3,1858010867,14513394327.26274,87135.7,71292.8,74461.5,82780.1,79188.7,79188.8,90186185,-3312.4,5.1e-05,UTC+8,"[-0.0401, -0.0425, -0.1045, -0.2244, 0.2718, 0.1628]","[-0.0416, 0.0101, -0.0401]"
1744038116304,BTC_USDT,79170.0,-0.0403,79182.1,79209.4,1858096780,14514074596.04128,87130.3,71288.4,74461.5,82780.1,79165,79165.1,90259450,-3327.5,5.1e-05,UTC+8,"[-0.0403, -0.0426, -0.1047, -0.2246, 0.2716, 0.1626]","[-0.0418, 0.0099, -0.0403]"
1744038120326,BTC_USDT,79170.4,-0.0403,79169.6,79208.1,1858114646,14514216005.94607,87128.9,71287.2,74461.5,82780.1,79168.6,79168.7,90287834,-3327.1,5.1e-05,UTC+8,"[-0.0403, -0.0426, -0.1047, -0.2246, 0.2716, 0.1626]","[-0.0418, 0.0099, -0.0403]"
1744038122305,BTC_USDT,79175.5,-0.0402,79188.8,79226.6,1858153943,14514527129.78826,87149.2,71303.9,74461.5,82780.1,79167.7,79168.9,90322551,-3322.0,5.1e-05,UTC+8,"[-0.0402, -0.0426, -0.1046, -0.2245, 0.2716, 0.1627]","[-0.0418, 0.01, -0.0402]"
1744038124293,BTC_USDT,79164.1,-0.0404,79167.9,79206.3,1858180320,14514735925.29316,87126.9,71285.6,74461.5,82780.1,79156.3,79159.9,90347854,-3333.4,5.1e-05,UTC+8,"[-0.0404, -0.0427, -0.1048, -0.2246, 0.2715, 0.1625]","[-0.0419, 0.0098, -0.0404]"
1744038126307,BTC_USDT,79214.0,-0.0398,79214.8,79254.1,1858201734,14514905540.93043,87179.5,71328.6,74461.5,82780.1,79219.9,79220.0,90375076,-3283.5,5.1e-05,UTC+8,"[-0.0398, -0.0421, -0.1042, -0.2241, 0.2723, 0.1633]","[-0.0413, 0.0105, -0.0398]"
1744038128310,BTC_USDT,79225.4,-0.0396,79238.2,79275.9,1858228831,14515120238.25115,87203.4,71348.3,74461.5,82780.1,79219.9,79220.0,90389605,-3272.1,5.1e-05,UTC+8,"[-0.0396, -0.042, -0.1041, -0.224, 0.2724, 0.1634]","[-0.0412, 0.0106, -0.0396]"
1744038132299,BTC_USDT,79193.2,-0.04,79199.9,79235.8,1858280131,14515526568.43865,87159.3,71312.2,74461.5,82780.1,79196.4,79197.4,90441610,-3304.3,5.1e-05,UTC+8,"[-0.04, -0.0424, -0.1044, -0.2243, 0.2719, 0.1629]","[-0.0415, 0.0102, -0.04]"
1744038134285,BTC_USDT,79179.9,-0.0402,79201.7,79226.7,1858302534,14515703997.18822,87149.3,71304,74461.5,82780.1,79173.9,79177.9,90445062,-3317.6,5.1e-05,UTC+8,"[-0.0402, -0.0425, -0.1046, -0.2245, 0.2717, 0.1628]","[-0.0417, 0.01, -0.0402]"
1744038136297,BTC_USDT,79150.0,-0.0405,79166.2,79201.4,1858314878,14515801719.64166,87121.5,71281.2,74461.5,82780.1,79141.1,79141.2,90223680,-3347.5,5.1e-05,UTC+8,"[-0.0405, -0.0429, -0.1049, -0.2248, 0.2712, 0.1623]","[-0.0421, 0.0096, -0.0405]"
1744038138291,BTC_USDT,79173.0,-0.0402,79152.7,79191.7,1858391260,14516406202.46849,87110.8,71272.5,74461.5,82780.1,79173,79173.1,90236829,-3324.5,5.1e-05,UTC+8,"[-0.0402, -0.0426, -0.1047, -0.2245, 0.2716, 0.1627]","[-0.0418, 0.0099, -0.0402]"
1744038140285,BTC_USDT,79239.6,-0.0394,79223.5,79260.5,1858403304,14516501615.03463,87186.5,71334.4,74461.5,82780.1,79239.5,79239.6,90243591,-3257.9,5.1e-05,UTC+8,"[-0.0394, -0.0418, -0.1039, -0.2239, 0.2727, 0.1636]","[-0.041, 0.0108, -0.0394]"
1744038142303,BTC_USDT,79209.2,-0.0398,79202.4,79241.4,1858407911,14516538118.39203,87165.5,71317.2,74461.5,82780.1,79204.6,79204.7,90250274,-3288.3,5.1e-05,UTC+8,"[-0.0398, -0.0422, -0.1043, -0.2242, 0.2722, 0.1632]","[-0.0413, 0.0104, -0.0398]"
1744038146303,BTC_USDT,79138.2,-0.0407,79166.5,79185.5,1858434786,14516750896.55419,87104.0,71266.9,74461.5,82780.1,79135.8,79135.9,90263521,-3359.3,5.1e-05,UTC+8,"[-0.0407, -0.043, -0.1051, -0.2249, 0.271, 0.1621]","[-0.0422, 0.0095, -0.0407]"
1744038148306,BTC_USDT,79111.1,-0.041,79120.4,79158.3,1858478088,14517093534.64531,87074.1,71242.4,74461.5,82780.1,79108.1,79111.2,90326681,-3386.4,5.1e-05,UTC+8,"[-0.041, -0.0433, -0.1054, -0.2251, 0.2706, 0.1617]","[-0.0425, 0.0092, -0.041]"
1744038150284,BTC_USDT,79149.7,-0.0405,79169.6,79189.6,1858508568,14517334703.19763,87108.5,71270.6,74461.5,82780.1,79149.7,79149.8,90237263,-3347.8,5.1e-05,UTC+8,"[-0.0405, -0.0429, -0.1049, -0.2248, 0.2712, 0.1623]","[-0.0421, 0.0096, -0.0405]"
1744038152289,BTC_USDT,79172.1,-0.0403,79166.1,79205.0,1858523252,14517450939.95652,87125.5,71284.5,74461.5,82780.1,79178.8,79178.9,90240337,-3325.4,5.1e-05,UTC+8,"[-0.0403, -0.0426, -0.1047, -0.2245, 0.2716, 0.1626]","[-0.0418, 0.0099, -0.0403]"
1744038154335,BTC_USDT,79195.3,-0.04,79200.5,79231.0,1858550183,14517664222.87699,87154.1,71307.9,74461.5,82780.1,79192.9,79193.0,90247595,-3302.2,5.1e-05,UTC+8,"[-0.04, -0.0423, -0.1044, -0.2243, 0.272, 0.163]","[-0.0415, 0.0102, -0.04]"
1744038158309,BTC_USDT,79200.0,-0.0399,79202.6,79241.4,1858588374,14517966644.0066,87165.5,71317.2,74461.5,82780.1,79200,79200.1,90260808,-3297.5,5.1e-05,UTC+8,"[-0.0399, -0.0423, -0.1044, -0.2243, 0.272, 0.163]","[-0.0415, 0.0103, -0.0399]"
1744038160304,BTC_USDT,79225.0,-0.0396,79223.6,79262.2,1858590584,14517984148.447,87188.4,71335.9,74461.5,82780.1,79210.6,79210.7,90263325,-3272.5,5.1e-05,UTC+8,"[-0.0396, -0.042, -0.1041, -0.224, 0.2724, 0.1634]","[-0.0412, 0.0106, -0.0396]"
1744038162301,BTC_USDT,79171.8,-0.0403,79189.8,79213.3,1858606935,14518113659.67175,87134.6,71291.9,74461.5,82780.1,79178.4,79179.3,90267226,-3325.7,5.1e-05,UTC+8,"[-0.0403, -0.0426, -0.1047, -0.2246, 0.2716, 0.1626]","[-0.0418, 0.0099, -0.0403]"
1744038164297,BTC_USDT,79190.3,-0.04,79192,79230.6,1858617141,14518194480.61696,87153.6,71307.5,74461.5,82780.1,79197.3,79197.4,90270563,-3307.2,5.1e-05,UTC+8,"[-0.04, -0.0424, -0.1045, -0.2244, 0.2719, 0.1629]","[-0.0416, 0.0102, -0.04]"
1744038166299,BTC_USDT,79190.7,-0.04,79193.9,79232.7,1858627575,14518277117.4194,87155.9,71309.4,74461.5,82780.1,79197.7,79197.8,90285280,-3306.8,5.1e-05,UTC+8,"[-0.04, -0.0424, -0.1045, -0.2244, 0.2719, 0.1629]","[-0.0416, 0.0102, -0.04]"
1744038170312,BTC_USDT,79254.3,-0.0393,79253.1,79291.9,1858751238,14519256847.47063,87221.0,71362.7,74461.5,82780.1,79261.4,79261.5,90351735,-3243.2,5.1e-05,UTC+8,"[-0.0393, -0.0416, -0.1038, -0.2237, 0.2729, 0.1638]","[-0.0408, 0.011, -0.0393]"
1744038172318,BTC_USDT,79280.7,-0.0389,79275.9,79314.7,1858764258,14519360057.26015,87246.1,71383.2,74461.5,82780.1,79277.8,79277.9,90425160,-3216.8,5.1e-05,UTC+8,"[-0.0389, -0.0413, -0.1035, -0.2235, 0.2733, 0.1642]","[-0.0405, 0.0113, -0.0389]"
1744038174308,BTC_USDT,79298.4,-0.0387,79280.1,79318.8,1858821901,14519817050.89774,87250.6,71386.9,74461.5,82780.1,79298.3,79298.4,90431703,-3199.1,5.1e-05,UTC+8,"[-0.0387, -0.0411, -0.1033, -0.2233, 0.2736, 0.1645]","[-0.0403, 0.0115, -0.0387]"
1744038176306,BTC_USDT,79296.7,-0.0387,79311.9,79334.3,1858950949,14520840551.78252,87267.7,71400.8,74461.5,82780.1,79289.2,79295.7,90291899,-3200.8,5.1e-05,UTC+8,"[-0.0387, -0.0411, -0.1033, -0.2233, 0.2736, 0.1645]","[-0.0403, 0.0115, -0.0387]"
1744038178311,BTC_USDT,79268.5,-0.0391,79264.4,79303.5,1858982796,14521092977.55224,87233.8,71373.1,74461.5,82780.1,79269.4,79269.5,90305504,-3229.0,5.1e-05,UTC+8,"[-0.0391, -0.0414, -0.1036, -0.2236, 0.2731, 0.1641]","[-0.0406, 0.0112, -0.0391]"
1744038182306,BTC_USDT,79252.4,-0.0393,79279.8,79301.7,1859252483,14523230980.18553,87231.8,71371.5,74461.5,82780.1,79252.4,79252.5,90561595,-3245.1,5.1e-05,UTC+8,"[-0.0393, -0.0416, -0.1038, -0.2238, 0.2729, 0.1638]","[-0.0408, 0.011, -0.0393]"
1744038184352,BTC_USDT,79176.6,-0.0402,79178.4,79217.1,1859388892,14524311769.72758,87138.8,71295.3,74461.5,82780.1,79182.4,79182.5,90638758,-3320.9,5.1e-05,UTC+8,"[-0.0402, -0.0426, -0.1046, -0.2245, 0.2717, 0.1627]","[-0.0417, 0.01, -0.0402]"
1744038186312,BTC_USDT,79180.3,-0.0402,79197.4,79221.0,1859438820,14524707136.05474,87143.1,71298.9,74461.5,82780.1,79173.5,79173.6,90692434,-3317.2,5.1e-05,UTC+8,"[-0.0402, -0.0425, -0.1046, -0.2245, 0.2717, 0.1628]","[-0.0417, 0.01, -0.0402]"
1744038188307,BTC_USDT,79190.1,-0.04,79163.6,79222.2,1859491868,14525127130.38942,87144.4,71299.9,74461.5,82780.1,79190,79198.5,90703152,-3307.4,5.1e-05,UTC+8,"[-0.04, -0.0424, -0.1045, -0.2244, 0.2719, 0.1629]","[-0.0416, 0.0102, -0.04]"
1744038190283,BTC_USDT,79209.9,-0.0398,79209.8,79243.6,1859584990,14525864706.66821,87167.9,71319.2,74461.5,82780.1,79209.9,79210.0,90704726,-3287.6,5.1e-05,UTC+8,"[-0.0398, -0.0422, -0.1043, -0.2242, 0.2722, 0.1632]","[-0.0413, 0.0104, -0.0398]"
1744038194296,BTC_USDT,79269.2,-0.0391,79254.4,79315.5,1859604413,14526018599.36111,87247.0,71383.9,74461.5,82780.1,79275,79276.4,90595999,-3228.3,5.1e-05,UTC+8,"[-0.0391, -0.0414, -0.1036, -0.2236, 0.2732, 0.1641]","[-0.0406, 0.0112, -0.0391]"
1744038196311,BTC_USDT,79268.6,-0.0391,79279.5,79315.1,1859639233,14526294618.19186,87246.6,71383.5,74461.5,82780.1,79269.8,79269.9,90597298,-3228.9,5.1e-05,UTC+8,"[-0.0391, -0.0414, -0.1036, -0.2236, 0.2731, 0.1641]","[-0.0406, 0.0112, -0.0391]"
1744038198314,BTC_USDT,79270.0,-0.0391,79285.5,79309.3,1859644351,14526335188.67262,87240.2,71378.3,74461.5,82780.1,79262.5,79262.6,90597320,-3227.5,5.1e-05,UTC+8,"[-0.0391, -0.0414, -0.1036, -0.2236, 0.2732, 0.1641]","[-0.0406, 0.0112, -0.0391]"
1744038200309,BTC_USDT,79252.6,-0.0393,79261.2,79291.9,1859652089,14526396522.78384,87221.0,71362.7,74461.5,82780.1,79252.5,79252.6,90602139,-3244.9,5.1e-05,UTC+8,"[-0.0393, -0.0416, -0.1038, -0.2238, 0.2729, 0.1638]","[-0.0408, 0.011, -0.0393]"
1744038202300,BTC_USDT,79230.0,-0.0396,79236.9,79275.4,1859655487,14526423448.93781,87202.9,71347.8,74461.5,82780.1,79229.9,79232.5,90605228,-3267.5,5.1e-05,UTC+8,"[-0.0396, -0.0419, -0.104, -0.224, 0.2725, 0.1635]","[-0.0411, 0.0107, -0.0396]"
1744038204331,BTC_USDT,79191.6,-0.04,79200.3,79238.9,1859671666,14526551600.16168,87162.7,71315,74461.5,82780.1,79194.3,79194.4,90623458,-3305.9,5.1e-05,UTC+8,"[-0.04, -0.0424, -0.1045, -0.2244, 0.2719, 0.1629]","[-0.0416, 0.0102, -0.04]"
1744038208304,BTC_USDT,79232.4,-0.0395,79234.5,79273.1,1859687906,14526680239.98821,87200.4,71345.7,74461.5,82780.1,79238.3,79238.4,90646746,-3265.1,5.1e-05,UTC+8,"[-0.0395, -0.0419, -0.104, -0.224, 0.2726, 0.1635]","[-0.0411, 0.0107, -0.0395]"
1744038210308,BTC_USDT,79270.4,-0.0391,79281.5,79320.2,1859700725,14526781824.10593,87252.2,71388.1,74461.5,82780.1,79281.5,79282.4,90666914,-3227.1,5.1e-05,UTC+8,"[-0.0391, -0.0414, -0.1036, -0.2236, 0.2732, 0.1641]","[-0.0406, 0.0112, -0.0391]"
1744038212324,BTC_USDT,79328.6,-0.0384,79330.2,79368.9,1859719025,14526926936.71175,87305.7,71432,74461.5,82780.1,79322.2,79322.3,90715752,-3168.9,5.1e-05,UTC+8,"[-0.0384, -0.0407, -0.1029, -0.223, 0.2741, 0.1649]","[-0.0399, 0.0119, -0.0384]"
1744038214309,BTC_USDT,79290.9,-0.0388,79297.7,79335.4,1859731784,14527028131.40068,87268.9,71401.8,74461.5,82780.1,79300.4,79300.5,90717642,-3206.6,5.1e-05,UTC+8,"[-0.0388, -0.0412, -0.1033, -0.2234, 0.2735, 0.1644]","[-0.0404, 0.0114, -0.0388]"
1744038216305,BTC_USDT,79309.9,-0.0386,79315.3,79352.1,1859746243,14527142795.30211,87287.3,71416.8,74461.5,82780.1,79309.9,79310.0,90741602,-3187.6,5.1e-05,UTC+8,"[-0.0386, -0.0409, -0.1031, -0.2232, 0.2738, 0.1647]","[-0.0401, 0.0117, -0.0386]"
1744038220301,BTC_USDT,79301.8,-0.0387,79302.3,79341.3,1859834408,14527841881.93934,87275.4,71407.1,74461.5,82780.1,79309.2,79309.3,90809969,-3195.7,5.1e-05,UTC+8,"[-0.0387, -0.041, -0.1032, -0.2233, 0.2737, 0.1645]","[-0.0402, 0.0116, -0.0387]"
1744038222294,BTC_USDT,79304.1,-0.0387,79324.3,79362.2,1859839002,14527878317.81091,87298.4,71425.9,74461.5,82780.1,79304,79304.1,90812495,-3193.4,5.1e-05,UTC+8,"[-0.0387, -0.041, -0.1032, -0.2233, 0.2737, 0.1646]","[-0.0402, 0.0116, -0.0387]"
1744038224298,BTC_USDT,79296.5,-0.0388,79323.6,79345.2,1859842758,14527908107.04246,87279.7,71410.6,74461.5,82780.1,79290.1,79292.6,90817644,-3201.0,5.1e-05,UTC+8,"[-0.0388, -0.0411, -0.1033, -0.2233, 0.2736, 0.1645]","[-0.0403, 0.0115, -0.0388]"
1744038226293,BTC_USDT,79277.1,-0.039,79295.9,79335.2,1859852081,14527982029.03296,87268.7,71401.6,74461.5,82780.1,79282.8,79282.9,90822743,-3220.4,5.1e-05,UTC+8,"[-0.039, -0.0413, -0.1035, -0.2235, 0.2733, 0.1642]","[-0.0405, 0.0113, -0.039]"
1744038228305,BTC_USDT,79250.0,-0.0393,79279.6,79317.1,1859873446,14528151388.44787,87248.8,71385.3,74461.5,82780.1,79228.1,79228.2,90852244,-3247.5,5.1e-05,UTC+8,"[-0.0393, -0.0417, -0.1038, -0.2238, 0.2728, 0.1638]","[-0.0409, 0.0109, -0.0393]"
1744038232300,BTC_USDT,79315.6,-0.0385,79307.8,79343.5,1859896926,14528337570.50587,87277.8,71409.1,74461.5,82780.1,79308.2,79308.3,90653435,-3181.9,5.1e-05,UTC+8,"[-0.0385, -0.0409, -0.1031, -0.2231, 0.2739, 0.1647]","[-0.0401, 0.0118, -0.0385]"
1744038234296,BTC_USDT,79275.9,-0.039,79305.5,79345.3,1859921285,14528530745.46097,87279.8,71410.7,74461.5,82780.1,79272.5,79272.6,90693234,-3221.6,5.1e-05,UTC+8,"[-0.039, -0.0414, -0.1035, -0.2235, 0.2733, 0.1642]","[-0.0405, 0.0113, -0.039]"
1744038236304,BTC_USDT,79315.0,-0.0385,79316.3,79356.5,1859925069,14528560751.59939,87292.1,71420.8,74461.5,82780.1,79307.5,79307.6,90699056,-3182.5,5.1e-05,UTC+8,"[-0.0385, -0.0409, -0.1031, -0.2231, 0.2739, 0.1647]","[-0.0401, 0.0118, -0.0385]"
1744038238310,BTC_USDT,79299.7,-0.0387,79317.4,79357.4,1859951548,14528770768.39315,87293.1,71421.6,74461.5,82780.1,79298.7,79298.8,90702777,-3197.8,5.1e-05,UTC+8,"[-0.0387, -0.0411, -0.1032, -0.2233, 0.2736, 0.1645]","[-0.0403, 0.0116, -0.0387]"
1744038240323,BTC_USDT,79314.8,-0.0385,79318.4,79358.2,1859989020,14529067962.77743,87294.0,71422.3,74461.5,82780.1,79317.8,79317.9,90749780,-3182.7,5.1e-05,UTC+8,"[-0.0385, -0.0409, -0.1031, -0.2232, 0.2739, 0.1647]","[-0.0401, 0.0118, -0.0385]"
1744038242300,BTC_USDT,79278.8,-0.039,79310.7,79348.7,1860008013,14529218604.36288,87283.5,71413.8,74461.5,82780.1,79268.3,79268.4,90751900,-3218.7,5.1e-05,UTC+8,"[-0.039, -0.0413, -0.1035, -0.2235, 0.2733, 0.1642]","[-0.0405, 0.0113, -0.039]"
1744038246345,BTC_USDT,79266.0,-0.0391,79291.5,79321.9,1860026568,14529365726.63801,87254.0,71389.7,74461.5,82780.1,79279.1,79279.2,90775876,-3231.5,5.1e-05,UTC+8,"[-0.0391, -0.0415, -0.1036, -0.2236, 0.2731, 0.164]","[-0.0407, 0.0111, -0.0391]"
1744038248298,BTC_USDT,79254.3,-0.0393,79277.6,79317.8,1860056037,14529599330.49032,87249.5,71386,74461.5,82780.1,79249.2,79249.3,90692140,-3243.2,5.1e-05,UTC+8,"[-0.0393, -0.0416, -0.1038, -0.2237, 0.2729, 0.1638]","[-0.0408, 0.011, -0.0393]"
1744038250307,BTC_USDT,79244.4,-0.0394,79232.9,79275.7,1860058663,14529620137.97193,87203.2,71348.1,74461.5,82780.1,79248.1,79251.2,90708940,-3253.1,5.1e-05,UTC+8,"[-0.0394, -0.0417, -0.1039, -0.2238, 0.2728, 0.1637]","[-0.0409, 0.0109, -0.0394]"
1744038252304,BTC_USDT,79266.5,-0.0391,79257.4,79299.0,1860072554,14529730220.32017,87228.9,71369.1,74461.5,82780.1,79252.5,79257.0,90709301,-3231.0,5.1e-05,UTC+8,"[-0.0391, -0.0415, -0.1036, -0.2236, 0.2731, 0.164]","[-0.0407, 0.0111, -0.0391]"
1744038256332,BTC_USDT,79236.4,-0.0395,79241.8,79282.2,1860134980,14530224829.1395,87210.4,71353.9,74461.5,82780.1,79236.3,79236.4,90721806,-3261.1,5.1e-05,UTC+8,"[-0.0395, -0.0418, -0.104, -0.2239, 0.2726, 0.1636]","[-0.041, 0.0107, -0.0395]"
1744038258310,BTC_USDT,79230.2,-0.0396,79238.4,79279.1,1860145016,14530304348.29957,87207.0,71351.1,74461.5,82780.1,79230.1,79230.2,90730421,-3267.3,5.1e-05,UTC+8,"[-0.0396, -0.0419, -0.104, -0.224, 0.2725, 0.1635]","[-0.0411, 0.0107, -0.0396]"
1744038260303,BTC_USDT,79219.3,-0.0397,79224.2,79266.3,1860225526,14530942116.24422,87192.9,71339.6,74461.5,82780.1,79214.3,79214.4,90793612,-3278.2,5.1e-05,UTC+8,"[-0.0397, -0.042, -0.1041, -0.2241, 0.2723, 0.1633]","[-0.0412, 0.0105, -0.0397]"
1744038262304,BTC_USDT,79155.4,-0.0405,79212.1,79232.6,1860277585,14531354406.8032,87155.8,71309.3,74461.5,82780.1,79155.4,79155.5,90799245,-3342.1,5.1e-05,UTC+8,"[-0.0405, -0.0428, -0.1049, -0.2247, 0.2713, 0.1624]","[-0.042, 0.0097, -0.0405]"
1744038264305,BTC_USDT,79096.0,-0.0412,79136,79176.5,1860307148,14531588328.61481,87094.1,71258.8,74461.5,82780.1,79095.9,79096.0,90807222,-3401.5,5.1e-05,UTC+8,"[-0.0412, -0.0435, -0.1055, -0.2253, 0.2704, 0.1615]","[-0.0427, 0.009, -0.0412]"
1744038266298,BTC_USDT,79113.6,-0.041,79118.4,79158.2,1860327905,14531752511.41235,87074.0,71242.3,74461.5,82780.1,79116.8,79116.9,90813268,-3383.9,5.1e-05,UTC+8,"[-0.041, -0.0433, -0.1053, -0.2251, 0.2707, 0.1618]","[-0.0425, 0.0092, -0.041]"
1744038270300,BTC_USDT,79087.3,-0.0413,79101.6,79142.0,1860422828,14532503330.07177,87056.2,71227.8,74461.5,82780.1,79082.9,79083.0,90891799,-3410.2,5.1e-05,UTC+8,"[-0.0413, -0.0436, -0.1056, -0.2254, 0.2702, 0.1614]","[-0.0428, 0.0088, -0.0413]"
1744038272306,BTC_USDT,79098.5,-0.0412,79122.1,79160.7,1860464090,14532829669.97351,87076.7,71244.6,74461.5,82780.1,79084.9,79085.0,90627748,-3399.0,5.1e-05,UTC+8,"[-0.0412, -0.0435, -0.1055, -0.2253, 0.2704, 0.1616]","[-0.0427, 0.009, -0.0412]"
1744038274301,BTC_USDT,79112.5,-0.041,79117.5,79147.8,1860481825,14532969964.39439,87062.5,71233,74461.5,82780.1,79102.5,79102.6,90632094,-3385.0,5.1e-05,UTC+8,"[-0.041, -0.0433, -0.1054, -0.2251, 0.2706, 0.1618]","[-0.0425, 0.0092, -0.041]"
1744038276306,BTC_USDT,79122.5,-0.0409,79128.3,79168.3,1860529588,14533347880.40951,87085.1,71251.4,74461.5,82780.1,79117.5,79117.6,90642812,-3375.0,5.1e-05,UTC+8,"[-0.0409, -0.0432, -0.1052, -0.225, 0.2708, 0.1619]","[-0.0424, 0.0093, -0.0409]"
1744038278317,BTC_USDT,79104.6,-0.0411,79112.5,79152.9,1860548173,14533494907.01655,87068.1,71237.6,74461.5,82780.1,79104.6,79104.7,90646432,-3392.9,5.1e-05,UTC+8,"[-0.0411, -0.0434, -0.1054, -0.2252, 0.2705, 0.1616]","[-0.0426, 0.0091, -0.0411]"
1744038282301,BTC_USDT,79100.1,-0.0411,79124.7,79161.4,1860568415,14533655056.57331,87077.5,71245.2,74461.5,82780.1,79100.1,79100.2,90660735,-3397.4,5.1e-05,UTC+8,"[-0.0411, -0.0435, -0.1055, -0.2253, 0.2704, 0.1616]","[-0.0427, 0.009, -0.0411]"
1744038284313,BTC_USDT,79039.9,-0.0419,79069.5,79110.0,1860598488,14533892891.90702,87021.0,71199,74461.5,82780.1,79030,79030.1,90701108,-3457.6,5.1e-05,UTC+8,"[-0.0419, -0.0442, -0.1062, -0.2258, 0.2695, 0.1607]","[-0.0434, 0.0082, -0.0419]"
1744038286304,BTC_USDT,79004.3,-0.0423,79000.9,79039.8,1860823255,14535668371.76313,86943.7,71135.8,74461.5,82780.1,78996,78996.1,90799352,-3493.2,5.1e-05,UTC+8,"[-0.0423, -0.0446, -0.1066, -0.2262, 0.2689, 0.1602]","[-0.0438, 0.0078, -0.0423]"
1744038288303,BTC_USDT,78985.9,-0.0425,79002.1,79040.8,1860956102,14536717811.75889,86944.8,71136.7,74461.5,82780.1,78985.8,78985.9,90800746,-3511.6,5.1e-05,UTC+8,"[-0.0425, -0.0449, -0.1068, -0.2264, 0.2686, 0.1599]","[-0.0441, 0.0076, -0.0425]"
1744038290304,BTC_USDT,78995.6,-0.0424,78977.6,79015.5,1861027279,14537279932.53176,86917.0,71113.9,74461.5,82780.1,78996.7,78996.8,90964036,-3501.9,5.1e-05,UTC+8,"[-0.0424, -0.0447, -0.1067, -0.2263, 0.2688, 0.16]","[-0.0439, 0.0077, -0.0424]"
1744038294310,BTC_USDT,79059.8,-0.0416,79042.2,79082.7,1861118482,14538000521.63255,86990.9,71174.4,74461.5,82780.1,79059.9,79060.0,90634090,-3437.7,5.1e-05,UTC+8,"[-0.0416, -0.044, -0.106, -0.2256, 0.2698, 0.161]","[-0.0432, 0.0085, -0.0416]"
1744038296316,BTC_USDT,79103.8,-0.0411,79090.1,79130.8,1861141146,14538179748.01873,87043.8,71217.7,74461.5,82780.1,79107,79111.1,90632665,-3393.7,5.1e-05,UTC+8,"[-0.0411, -0.0434, -0.1055, -0.2252, 0.2705, 0.1616]","[-0.0426, 0.0091, -0.0411]"
1744038298307,BTC_USDT,79094.8,-0.0412,79122.7,79134.6,1861212042,14538740501.70693,87048.0,71221.1,74461.5,82780.1,79088.1,79091.3,90726563,-3402.7,5.1e-05,UTC+8,"[-0.0412, -0.0435, -0.1056, -0.2253, 0.2703, 0.1615]","[-0.0427, 0.0089, -0.0412]"
1744038300444,BTC_USDT,79060.7,-0.0416,79083.5,79124.2,1861242557,14538981831.06056,87036.6,71211.7,74461.5,82780.1,79056.5,79056.6,90727576,-3436.8,5.1e-05,UTC+8,"[-0.0416, -0.044, -0.1059, -0.2256, 0.2698, 0.161]","[-0.0431, 0.0085, -0.0416]"
1744038302289,BTC_USDT,79038.6,-0.0419,79043,79083.8,1861246693,14539014522.76593,86992.1,71175.4,74461.5,82780.1,79038.6,79038.7,90735055,-3458.9,5.1e-05,UTC+8,"[-0.0419, -0.0442, -0.1062, -0.2259, 0.2694, 0.1607]","[-0.0434, 0.0082, -0.0419]"
1744038304314,BTC_USDT,79020.0,-0.0421,79020.7,79061.6,1861269731,14539196593.02093,86967.7,71155.4,74461.5,82780.1,79019.9,79020.0,90752995,-3477.5,5.1e-05,UTC+8,"[-0.0421, -0.0444, -0.1064, -0.226, 0.2691, 0.1604]","[-0.0436, 0.008, -0.0421]"
1744038308300,BTC_USDT,79033.5,-0.0419,79081.1,79084.4,1861278192,14539263473.97821,86992.8,71175.9,74461.5,82780.1,79016,79017.7,90693867,-3464.0,5.1e-05,UTC+8,"[-0.0419, -0.0443, -0.1062, -0.2259, 0.2694, 0.1606]","[-0.0435, 0.0082, -0.0419]"
1744038310289,BTC_USDT,79034.4,-0.0419,79038.3,79079.0,1861303787,14539465766.06904,86986.9,71171.1,74461.5,82780.1,79036.4,79036.6,90708466,-3463.1,5.1e-05,UTC+8,"[-0.0419, -0.0443, -0.1062, -0.2259, 0.2694, 0.1606]","[-0.0435, 0.0082, -0.0419]"
1744038312304,BTC_USDT,79012.1,-0.0422,79029.6,79070.2,1861340722,14539757649.66663,86977.2,71163.1,74461.5,82780.1,79012,79012.1,90790915,-3485.4,5.1e-05,UTC+8,"[-0.0422, -0.0445, -0.1065, -0.2261, 0.269, 0.1603]","[-0.0437, 0.0079, -0.0422]"
1744038314308,BTC_USDT,79021.3,-0.0421,79029.4,79070.3,1861395789,14540192790.31988,86977.3,71163.2,74461.5,82780.1,79025.3,79025.4,90830804,-3476.2,5.1e-05,UTC+8,"[-0.0421, -0.0444, -0.1064, -0.226, 0.2692, 0.1604]","[-0.0436, 0.008, -0.0421]"
1744038316309,BTC_USDT,78985.9,-0.0425,79009.8,79035.4,1861412374,14540323827.31554,86938.9,71131.8,74461.5,82780.1,78980.4,78980.5,90848335,-3511.6,5.1e-05,UTC+8,"[-0.0425, -0.0449, -0.1068, -0.2264, 0.2686, 0.1599]","[-0.0441, 0.0076, -0.0425]"
1744038320307,BTC_USDT,78956.1,-0.0429,78961.8,79000.0,1861467894,14540762277.65324,86900.0,71100,74461.5,82780.1,78956.1,78956.2,90869164,-3541.4,5.1e-05,UTC+8,"[-0.0429, -0.0452, -0.1071, -0.2267, 0.2681, 0.1595]","[-0.0444, 0.0072, -0.0429]"
1744038322300,BTC_USDT,78904.2,-0.0435,78956.2,78979.3,1861489547,14540933216.49345,86877.2,71081.3,74461.5,82780.1,78904.2,78904.3,90896912,-3593.3,5.1e-05,UTC+8,"[-0.0435, -0.0458, -0.1077, -0.2272, 0.2673, 0.1587]","[-0.045, 0.0065, -0.0435]"
1744038324304,BTC_USDT,78893.0,-0.0436,78899.7,78941.4,1861542555,14541351432.22469,86835.5,71047.2,74461.5,82780.1,78893,78893.1,90920676,-3604.5,5.1e-05,UTC+8,"[-0.0436, -0.046, -0.1078, -0.2273, 0.2671, 0.1585]","[-0.0452, 0.0064, -0.0436]"
1744038326305,BTC_USDT,78839.0,-0.0443,78864.9,78901.4,1861604606,14541840803.44374,86791.5,71011.2,74461.5,82780.1,78834.9,78835.0,90937058,-3658.5,5.1e-05,UTC+8,"[-0.0443, -0.0466, -0.1084, -0.2278, 0.2662, 0.1577]","[-0.0458, 0.0057, -0.0443]"
1744038328333,BTC_USDT,78802.0,-0.0447,78839.8,78875.6,1861650980,14542206380.61962,86763.1,70988,74461.5,82780.1,78792.7,78792.8,91028288,-3695.5,5.1e-05,UTC+8,"[-0.0447, -0.0471, -0.1089, -0.2282, 0.2656, 0.1572]","[-0.0463, 0.0052, -0.0447]"
1744038332321,BTC_USDT,78751.1,-0.0454,78785.1,78820.2,1861798342,14543367392.06438,86702.2,70938.1,74461.5,82780.1,78746.1,78746.2,90692182,-3746.4,5.1e-05,UTC+8,"[-0.0454, -0.0477, -0.1094, -0.2287, 0.2648, 0.1565]","[-0.0469, 0.0046, -0.0454]"
1744038334316,BTC_USDT,78755.0,-0.0453,78748.5,78788.4,1861845637,14543739844.3977,86667.2,70909.5,74461.5,82780.1,78755,78755.1,90697149,-3742.5,5.1e-05,UTC+8,"[-0.0453, -0.0477, -0.1094, -0.2286, 0.2649, 0.1565]","[-0.0468, 0.0046, -0.0453]"
1744038336305,BTC_USDT,78773.0,-0.0451,78785.9,78827.5,1861870065,14543932256.60201,86710.2,70944.7,74461.5,82780.1,78773,78773.1,90727971,-3724.5,5.1e-05,UTC+8,"[-0.0451, -0.0474, -0.1092, -0.2285, 0.2652, 0.1568]","[-0.0466, 0.0048, -0.0451]"
1744038338359,BTC_USDT,78766.4,-0.0452,78754.8,78796.2,1862047987,14545333680.6673,86675.8,70916.5,74461.5,82780.1,78766.3,78766.4,90774812,-3731.1,5.1e-05,UTC+8,"[-0.0452, -0.0475, -0.1093, -0.2285, 0.2651, 0.1567]","[-0.0467, 0.0048, -0.0452]"
1744038340305,BTC_USDT,78770.0,-0.0451,78767.6,78802.1,1862067567,14545487904.02061,86682.3,70921.8,74461.5,82780.1,78769.9,78770.0,90786603,-3727.5,5.1e-05,UTC+8,"[-0.0451, -0.0475, -0.1092, -0.2285, 0.2651, 0.1567]","[-0.0467, 0.0048, -0.0451]"
1744038344344,BTC_USDT,78744.1,-0.0454,78745.9,78786.1,1862264316,14547037418.87117,86664.7,70907.4,74461.5,82780.1,78740.7,78744.1,90818602,-3753.4,5.1e-05,UTC+8,"[-0.0454, -0.0478, -0.1095, -0.2287, 0.2647, 0.1564]","[-0.047, 0.0045, -0.0454]"
1744038346407,BTC_USDT,78715.4,-0.0458,78726.4,78767.6,1862293453,14547266805.16604,86644.3,70890.8,74461.5,82780.1,78715.3,78715.4,90844412,-3782.1,5.1e-05,UTC+8,"[-0.0458, -0.0481, -0.1098, -0.229, 0.2643, 0.1559]","[-0.0473, 0.0041, -0.0458]"
1744038348296,BTC_USDT,78656.2,-0.0465,78688.4,78714.6,1862407917,14548167554.94356,86586.0,70843.1,74461.5,82780.1,78650.4,78650.5,91017164,-3841.3,5.1e-05,UTC+8,"[-0.0465, -0.0488, -0.1105, -0.2296, 0.2633, 0.1551]","[-0.048, 0.0033, -0.0465]"
1744038350297,BTC_USDT,78692.3,-0.0461,78673.6,78714.4,1862509703,14548968326.60928,86585.8,70842.9,74461.5,82780.1,78696.4,78696.5,91038472,-3805.2,5.1e-05,UTC+8,"[-0.0461, -0.0484, -0.1101, -0.2292, 0.2639, 0.1556]","[-0.0476, 0.0038, -0.0461]"
1744038352288,BTC_USDT,78707.6,-0.0459,78707.6,78744.3,1862635712,14549960033.08031,86618.7,70869.8,74461.5,82780.1,78698.3,78698.4,91107013,-3789.9,5.1e-05,UTC+8,"[-0.0459, -0.0482, -0.1099, -0.2291, 0.2641, 0.1558]","[-0.0474, 0.004, -0.0459]"
1744038356300,BTC_USDT,78632.7,-0.0468,78651,78692.5,1862934448,14552309801.03252,86561.7,70823.2,74461.5,82780.1,78632.7,78632.8,90670476,-3864.8,5.1e-05,UTC+8,"[-0.0468, -0.0491, -0.1108, -0.2298, 0.2629, 0.1547]","[-0.0483, 0.003, -0.0468]"
1744038358293,BTC_USDT,78634.7,-0.0468,78638,78677.2,1862948755,14552422299.00923,86544.9,70809.4,74461.5,82780.1,78645.6,78645.7,90675065,-3862.8,5.1e-05,UTC+8,"[-0.0468, -0.0491, -0.1108, -0.2298, 0.263, 0.1547]","[-0.0483, 0.0031, -0.0468]"
1744038360314,BTC_USDT,78590.1,-0.0473,78640.4,78638.1,1862991224,14552756111.84895,86501.9,70774.2,74461.5,82780.1,78590,78590.1,90740134,-3907.4,5.1e-05,UTC+8,"[-0.0473, -0.0496, -0.1113, -0.2302, 0.2622, 0.1541]","[-0.0488, 0.0025, -0.0473]"
1744038362309,BTC_USDT,78559.2,-0.0477,78581.3,78620.7,1863111540,14553701670.58942,86482.7,70758.6,74461.5,82780.1,78547.8,78547.9,90768633,-3938.3,5.1e-05,UTC+8,"[-0.0477, -0.05, -0.1116, -0.2306, 0.2617, 0.1536]","[-0.0492, 0.0021, -0.0477]"
1744038364313,BTC_USDT,78577.5,-0.0475,78569.5,78605.7,1863166813,14554135909.74627,86466.2,70745.1,74461.5,82780.1,78577.4,78577.5,90830502,-3920.0,5.1e-05,UTC+8,"[-0.0475, -0.0498, -0.1114, -0.2304, 0.262, 0.1539]","[-0.049, 0.0023, -0.0475]"
1744038368299,BTC_USDT,78633.9,-0.0468,78620.8,78662.1,1863343435,14555523949.4792,86528.3,70795.8,74461.5,82780.1,78635,78635.1,90894627,-3863.6,5.1e-05,UTC+8,"[-0.0468, -0.0491, -0.1108, -0.2298, 0.2629, 0.1547]","[-0.0483, 0.0031, -0.0468]"
1744038370290,BTC_USDT,78669.7,-0.0463,78644.6,78691.6,1863404121,14556001177.17552,86560.7,70822.4,74461.5,82780.1,78671.4,78671.5,90934480,-3827.8,5.1e-05,UTC+8,"[-0.0463, -0.0487, -0.1104, -0.2295, 0.2635, 0.1553]","[-0.0479, 0.0035, -0.0463]"
1744038372303,BTC_USDT,78630.1,-0.0468,78640.7,78682.1,1863509028,14556826286.84985,86550.3,70813.8,74461.5,82780.1,78638.3,78638.4,90990485,-3867.4,5.1e-05,UTC+8,"[-0.0468, -0.0492, -0.1108, -0.2299, 0.2629, 0.1547]","[-0.0484, 0.003, -0.0468]"
1744038374299,BTC_USDT,78658.5,-0.0465,78669.3,78710.8,1863679026,14558163209.2795,86581.8,70839.7,74461.5,82780.1,78658.5,78658.6,90997499,-3839.0,5.1e-05,UTC+8,"[-0.0465, -0.0488, -0.1105, -0.2296, 0.2633, 0.1551]","[-0.048, 0.0034, -0.0465]"
1744038376302,BTC_USDT,78670.5,-0.0463,78670,78712.6,1863750337,14558724192.66795,86583.8,70841.3,74461.5,82780.1,78651.8,78665.1,90581248,-3827.0,5.1e-05,UTC+8,"[-0.0463, -0.0487, -0.1104, -0.2295, 0.2635, 0.1553]","[-0.0479, 0.0035, -0.0463]"
1744038378303,BTC_USDT,78719.9,-0.0457,78703.7,78745.6,1863822580,14559292614.97925,86620.1,70871,74461.5,82780.1,78719.9,78720.0,90596786,-3777.6,5.1e-05,UTC+8,"[-0.0457, -0.0481, -0.1098, -0.229, 0.2643, 0.156]","[-0.0473, 0.0042, -0.0457]"
1744038382309,BTC_USDT,78740.7,-0.0455,78740.4,78782.3,1864058364,14561148927.26939,86660.5,70904,74461.5,82780.1,78740.6,78740.7,90754526,-3756.8,5.1e-05,UTC+8,"[-0.0455, -0.0478, -0.1096, -0.2288, 0.2647, 0.1563]","[-0.047, 0.0044, -0.0455]"
1744038384301,BTC_USDT,78716.9,-0.0458,78736.8,78778.8,1864165514,14561992625.28161,86656.6,70900.9,74461.5,82780.1,78722.5,78722.6,90764842,-3780.6,5.1e-05,UTC+8,"[-0.0458, -0.0481, -0.1098, -0.229, 0.2643, 0.156]","[-0.0473, 0.0041, -0.0458]"
1744038386305,BTC_USDT,78734.3,-0.0456,78746.6,78784.2,1864277791,14562876670.59802,86662.6,70905.7,74461.5,82780.1,78727.5,78727.6,90841702,-3763.2,5.1e-05,UTC+8,"[-0.0456, -0.0479, -0.1096, -0.2288, 0.2646, 0.1562]","[-0.0471, 0.0043, -0.0456]"
1744038388309,BTC_USDT,78740.9,-0.0455,78748.5,78790.6,1864334348,14563322067.75806,86669.6,70911.5,74461.5,82780.1,78747.7,78747.8,90256723,-3756.6,5.1e-05,UTC+8,"[-0.0455, -0.0478, -0.1096, -0.2288, 0.2647, 0.1563]","[-0.047, 0.0044, -0.0455]"
1744038390299,BTC_USDT,78758.1,-0.0453,78763.2,78802.0,1864776075,14566801313.66881,86682.2,70921.8,74461.5,82780.1,78764,78764.1,90260494,-3739.4,5.1e-05,UTC+8,"[-0.0453, -0.0476, -0.1094, -0.2286, 0.2649, 0.1566]","[-0.0468, 0.0046, -0.0453]"
1744038394303,BTC_USDT,78722.2,-0.0457,78725.1,78767.8,1864938629,14568080969.48644,86644.5,70891,74461.5,82780.1,78743.7,78745.0,90302217,-3775.3,5.1e-05,UTC+8,"[-0.0457, -0.048, -0.1098, -0.229, 0.2644, 0.156]","[-0.0472, 0.0042, -0.0457]"
1744038396301,BTC_USDT,78768.6,-0.0452,78745.8,78780.4,1864952476,14568190018.04645,86658.4,70902.3,74461.5,82780.1,78768.5,78768.6,90322044,-3728.9,5.1e-05,UTC+8,"[-0.0452, -0.0475, -0.1092, -0.2285, 0.2651, 0.1567]","[-0.0467, 0.0048, -0.0452]"
1744038398313,BTC_USDT,78801.4,-0.0448,78801.5,78845.9,1865081072,14569203435.20436,86730.4,70961.3,74461.5,82780.1,78801.4,78801.5,90328112,-3696.1,5.1e-05,UTC+8,"[-0.0448, -0.0471, -0.1089, -0.2282, 0.2656, 0.1572]","[-0.0463, 0.0052, -0.0448]"
1744038400311,BTC_USDT,78813.8,-0.0446,78820.2,78860.1,1865095369,14569316098.37139,86746.1,70974,74461.5,82780.1,78810,78810.1,90354815,-3683.7,5.1e-05,UTC+8,"[-0.0446, -0.0469, -0.1087, -0.2281, 0.2658, 0.1574]","[-0.0461, 0.0054, -0.0446]"
1744038402305,BTC_USDT,78804.8,-0.0447,78816.1,78854.7,1865138492,14569655963.17163,86740.1,70969.2,74461.5,82780.1,78800,78800.1,90359768,-3692.7,5.1e-05,UTC+8,"[-0.0447, -0.0471, -0.1088, -0.2281, 0.2657, 0.1572]","[-0.0462, 0.0052, -0.0447]"
1744038406298,BTC_USDT,78710.2,-0.0459,78726.9,78767.5,1866482150,14580237976.21279,86644.2,70890.7,74461.5,82780.1,78711.9,78712.0,94042821,-3787.3,5.1e-05,UTC+8,"[-0.0459, -0.0482, -0.1099, -0.2291, 0.2642, 0.1559]","[-0.0474, 0.004, -0.0459]"
1744038408312,BTC_USDT,78669.7,-0.0463,78704.2,78741.5,1866518597,14580524814.08277,86615.6,70867.3,74461.5,82780.1,78668.9,78669.0,94065154,-3827.8,5.1e-05,UTC+8,"[-0.0463, -0.0487, -0.1104, -0.2295, 0.2635, 0.1553]","[-0.0479, 0.0035, -0.0463]"
1744038410310,BTC_USDT,78641.9,-0.0467,78655.5,78697.5,1866886210,14583415887.94562,86567.2,70827.7,74461.5,82780.1,78641.7,78642.0,90068381,-3855.6,5.1e-05,UTC+8,"[-0.0467, -0.049, -0.1107, -0.2297, 0.2631, 0.1549]","[-0.0482, 0.0032, -0.0467]"
1744038412309,BTC_USDT,78652.4,-0.0466,78677.1,78701.4,1867032327,14584564983.05207,86571.5,70831.2,74461.5,82780.1,78652.4,78652.5,90072732,-3845.1,5.1e-05,UTC+8,"[-0.0466, -0.0489, -0.1106, -0.2296, 0.2632, 0.155]","[-0.0481, 0.0033, -0.0466]"
1744038414285,BTC_USDT,78632.7,-0.0468,78656.4,78696.2,1867049178,14584697502.01954,86565.8,70826.5,74461.5,82780.1,78623,78623.1,90102474,-3864.8,5.1e-05,UTC+8,"[-0.0468, -0.0491, -0.1108, -0.2298, 0.2629, 0.1547]","[-0.0483, 0.003, -0.0468]"
1744038416294,BTC_USDT,78644.4,-0.0467,78631.7,78666.3,1867072212,14584878593.49798,86532.9,70799.6,74461.5,82780.1,78643.6,78643.7,90114833,-3853.1,5.1e-05,UTC+8,"[-0.0467, -0.049, -0.1106, -0.2297, 0.2631, 0.1549]","[-0.0482, 0.0032, -0.0467]"
1744038420308,BTC_USDT,78565.2,-0.0476,78590.1,78619.2,1867120638,14585259203.64488,86481.1,70757.2,74461.5,82780.1,78565.2,78565.3,90141324,-3932.3,5.1e-05,UTC+8,"[-0.0476, -0.0499, -0.1115, -0.2305, 0.2618, 0.1537]","[-0.0491, 0.0022, -0.0476]"
1744038422312,BTC_USDT,78549.0,-0.0478,78558.1,78599.4,1867143245,14585436794.21233,86459.3,70739.4,74461.5,82780.1,78576.9,78577.0,90151891,-3948.5,5.1e-05,UTC+8,"[-0.0478, -0.0501, -0.1117, -0.2307, 0.2616, 0.1535]","[-0.0493, 0.002, -0.0478]"
1744038424298,BTC_USDT,78589.8,-0.0473,78593.9,78635.7,1867173235,14585672482.05517,86499.2,70772.1,74461.5,82780.1,78589.8,78589.9,90182940,-3907.7,5.1e-05,UTC+8,"[-0.0473, -0.0497, -0.1113, -0.2303, 0.2622, 0.1541]","[-0.0488, 0.0025, -0.0473]"
1744038426297,BTC_USDT,78562.0,-0.0477,78566.8,78611.2,1867187037,14585780937.95797,86472.3,70750,74461.5,82780.1,78554.4,78561.1,90208370,-3935.5,5.1e-05,UTC+8,"[-0.0477, -0.05, -0.1116, -0.2305, 0.2618, 0.1537]","[-0.0492, 0.0021, -0.0477]"
1744038428300,BTC_USDT,78555.4,-0.0477,78566.2,78608.1,1867234227,14586151652.12494,86468.9,70747.2,74461.5,82780.1,78555.4,78555.5,90236722,-3942.1,5.1e-05,UTC+8,"[-0.0477, -0.0501, -0.1117, -0.2306, 0.2617, 0.1536]","[-0.0493, 0.0021, -0.0477]"
1744038432268,BTC_USDT,78547.6,-0.0478,78597,78600.7,1867324171,14586858477.2723,86460.7,70740.6,74461.5,82780.1,78547.5,78547.6,90077327,-3949.9,5.1e-05,UTC+8,"[-0.0478, -0.0502, -0.1117, -0.2307, 0.2616, 0.1535]","[-0.0494, 0.002, -0.0478]"
1744038434295,BTC_USDT,78536.2,-0.048,78537.6,78579.5,1867351844,14587075838.88461,86437.4,70721.5,74461.5,82780.1,78530.4,78530.5,90096025,-3961.3,5.1e-05,UTC+8,"[-0.048, -0.0503, -0.1119, -0.2308, 0.2614, 0.1533]","[-0.0495, 0.0018, -0.048]"
1744038436307,BTC_USDT,78475.7,-0.0487,78484.4,78521.1,1867455685,14587890903.63676,86373.2,70668.9,74461.5,82780.1,78459.4,78459.5,90213726,-4021.8,5.1e-05,UTC+8,"[-0.0487, -0.051, -0.1126, -0.2314, 0.2604, 0.1524]","[-0.0502, 0.001, -0.0487]"
1744038438290,BTC_USDT,78432.6,-0.0492,78469.9,78483.9,1867641980,14589352639.49917,86332.2,70635.5,74461.5,82780.1,78432.5,78432.6,90298266,-4064.9,5.1e-05,UTC+8,"[-0.0492, -0.0516, -0.113, -0.2318, 0.2597, 0.1518]","[-0.0507, 0.0005, -0.0492]"
1744038440277,BTC_USDT,78440.0,-0.0491,78445.2,78487.1,1867699117,14589800784.12338,86335.8,70638.3,74461.5,82780.1,78454.8,78454.9,90329327,-4057.5,5.1e-05,UTC+8,"[-0.0491, -0.0515, -0.113, -0.2317, 0.2598, 0.1519]","[-0.0507, 0.0006, -0.0491]"
1744038444311,BTC_USDT,78537.4,-0.048,78517.7,78563.0,1867745716,14590166505.01044,86419.3,70706.7,74461.5,82780.1,78540,78540.1,90393200,-3960.1,5.1e-05,UTC+8,"[-0.048, -0.0503, -0.1119, -0.2308, 0.2614, 0.1533]","[-0.0495, 0.0018, -0.048]"
1744038446316,BTC_USDT,78556.1,-0.0477,78556,78597.8,1867764196,14590311664.47573,86457.5,70738,74461.5,82780.1,78548.7,78548.8,90439132,-3941.4,5.1e-05,UTC+8,"[-0.0477, -0.0501, -0.1116, -0.2306, 0.2617, 0.1536]","[-0.0493, 0.0021, -0.0477]"
1744038448319,BTC_USDT,78524.9,-0.0481,78535.7,78577.9,1867840577,14590911616.54031,86435.6,70720.1,74461.5,82780.1,78522.5,78522.6,90457337,-3972.6,5.1e-05,UTC+8,"[-0.0481, -0.0504, -0.112, -0.2309, 0.2612, 0.1531]","[-0.0496, 0.0017, -0.0481]"
1744038450315,BTC_USDT,78556.1,-0.0477,78572.5,78594.9,1867851347,14590996197.81775,86454.3,70735.4,74461.5,82780.1,78560.7,78573.4,90467549,-3941.4,5.1e-05,UTC+8,"[-0.0477, -0.0501, -0.1116, -0.2306, 0.2617, 0.1536]","[-0.0493, 0.0021, -0.0477]"
1744038452301,BTC_USDT,78520.0,-0.0482,78526.1,78568.0,1867855739,14591030694.95902,86424.8,70711.2,74461.5,82780.1,78520.8,78520.9,90156197,-3977.5,5.1e-05,UTC+8,"[-0.0482, -0.0505, -0.1121, -0.2309, 0.2611, 0.1531]","[-0.0497, 0.0016, -0.0482]"
1744038454299,BTC_USDT,78444.7,-0.0491,78484.4,78499.2,1867867456,14591122675.36953,86349.1,70649.2,74461.5,82780.1,78444.6,78444.7,90171645,-4052.8,5.1e-05,UTC+8,"[-0.0491, -0.0514, -0.1129, -0.2317, 0.2599, 0.152]","[-0.0506, 0.0007, -0.0491]"
1744038458301,BTC_USDT,78454.0,-0.049,78464.1,78499.4,1867913775,14591486098.6161,86349.3,70649.4,74461.5,82780.1,78453.9,78454.0,90219312,-4043.5,5.1e-05,UTC+8,"[-0.049, -0.0513, -0.1128, -0.2316, 0.2601, 0.1521]","[-0.0505, 0.0008, -0.049]"
1744038460293,BTC_USDT,78507.6,-0.0483,78514.9,78554.4,1870696749,14613334183.01001,86409.8,70698.9,74461.5,82780.1,78495.3,78495.4,97908784,-3989.9,5.1e-05,UTC+8,"[-0.0483, -0.0506, -0.1122, -0.2311, 0.2609, 0.1529]","[-0.0498, 0.0015, -0.0483]"
1744038462299,BTC_USDT,78493.4,-0.0485,78516.5,78558.7,1870722869,14613539247.63072,86414.5,70702.8,74461.5,82780.1,78484.9,78490.5,97914857,-4004.1,5.1e-05,UTC+8,"[-0.0485, -0.0508, -0.1124, -0.2312, 0.2607, 0.1527]","[-0.05, 0.0013, -0.0485]"
1744038464301,BTC_USDT,78475.6,-0.0487,78477.6,78503.9,1870756170,14613800552.3462,86354.2,70653.5,74461.5,82780.1,78470,78470.1,97975491,-4021.9,5.1e-05,UTC+8,"[-0.0487, -0.051, -0.1126, -0.2314, 0.2604, 0.1524]","[-0.0502, 0.001, -0.0487]"
1744038466303,BTC_USDT,78468.5,-0.0488,78464.2,78506.3,1870784599,14614023606.05017,86356.9,70655.6,74461.5,82780.1,78462.6,78462.7,97996379,-4029.0,5.1e-05,UTC+8,"[-0.0488, -0.0511, -0.1126, -0.2314, 0.2603, 0.1523]","[-0.0503, 0.001, -0.0488]"
1744038470297,BTC_USDT,78450.8,-0.049,78465.8,78500.1,1870836777,14614432991.48571,86350.1,70650,74461.5,82780.1,78450.7,78450.8,98093178,-4046.7,5.1e-05,UTC+8,"[-0.049, -0.0513, -0.1128, -0.2316, 0.26, 0.152]","[-0.0505, 0.0007, -0.049]"
1744038472292,BTC_USDT,78470.1,-0.0488,78474.5,78516.6,1870882766,14614793831.14972,86368.2,70664.9,74461.5,82780.1,78474.9,78475.0,90215907,-4027.4,5.1e-05,UTC+8,"[-0.0488, -0.0511, -0.1126, -0.2314, 0.2603, 0.1523]","[-0.0503, 0.001, -0.0488]"
1744038474288,BTC_USDT,78520.0,-0.0482,78516.8,78558.9,1870927022,14615141251.76911,86414.7,70703,74461.5,82780.1,78510,78510.1,90292090,-3977.5,5.1e-05,UTC+8,"[-0.0482, -0.0505, -0.1121, -0.2309, 0.2611, 0.1531]","[-0.0497, 0.0016, -0.0482]"
1744038476311,BTC_USDT,78483.9,-0.0486,78492.9,78529.6,1870964309,14615433944.12207,86382.5,70676.6,74461.5,82780.1,78483.9,78484.0,90297323,-4013.6,5.1e-05,UTC+8,"[-0.0486, -0.0509, -0.1125, -0.2313, 0.2605, 0.1525]","[-0.0501, 0.0012, -0.0486]"
1744038478294,BTC_USDT,78450.5,-0.049,78475.1,78503.8,1870993390,14615662155.91184,86354.1,70653.4,74461.5,82780.1,78450.4,78450.5,90302576,-4047.0,5.1e-05,UTC+8,"[-0.049, -0.0513, -0.1128, -0.2316, 0.26, 0.152]","[-0.0505, 0.0007, -0.049]"
1744038480323,BTC_USDT,78438.7,-0.0491,78438.6,78480.9,1871028004,14615933692.90653,86328.9,70632.8,74461.5,82780.1,78438.6,78438.7,90317707,-4058.8,5e-05,UTC+8,"[-0.0491, -0.0515, -0.113, -0.2317, 0.2598, 0.1519]","[-0.0507, 0.0006, -0.0491]"
1744038484295,BTC_USDT,78414.5,-0.0494,78412.5,78448.7,1871121587,14616667341.78013,86293.5,70603.8,74461.5,82780.1,78420.1,78420.2,90339709,-4083.0,5e-05,UTC+8,"[-0.0494, -0.0518, -0.1132, -0.232, 0.2594, 0.1515]","[-0.051, 0.0003, -0.0494]"
1744038486302,BTC_USDT,78412.5,-0.0495,78404.7,78446.7,1871202142,14617298890.41246,86291.3,70602,74461.5,82780.1,78408,78412.6,90415816,-4085.0,5e-05,UTC+8,"[-0.0495, -0.0518, -0.1133, -0.232, 0.2594, 0.1515]","[-0.051, 0.0002, -0.0495]"
1744038488298,BTC_USDT,78394.0,-0.0497,78394.3,78436.4,1871384651,14618729785.8917,86280.0,70592.7,74461.5,82780.1,78394,78394.1,90421550,-4103.5,5e-05,UTC+8,"[-0.0497, -0.052, -0.1135, -0.2322, 0.2591, 0.1512]","[-0.0512, 0.0, -0.0497]"
1744038490278,BTC_USDT,78370.0,-0.05,78385,78414.4,1871550528,14620030102.91612,86255.8,70572.9,74461.5,82780.1,78369.2,78369.3,90336330,-4127.5,5e-05,UTC+8,"[-0.05, -0.0523, -0.1138, -0.2324, 0.2587, 0.1509]","[-0.0515, -0.0002, -0.05]"
1744038492302,BTC_USDT,78400.0,-0.0496,78399.9,78431.4,1871748123,14621578873.34595,86274.5,70588.2,74461.5,82780.1,78405,78405.1,90749271,-4097.5,5e-05,UTC+8,"[-0.0496, -0.0519, -0.1134, -0.2321, 0.2592, 0.1513]","[-0.0511, 0.0001, -0.0496]"
1744038496270,BTC_USDT,78483.2,-0.0486,78482.6,78516.8,1872016084,14623680300.09672,86368.4,70665.1,74461.5,82780.1,78490.7,78490.8,90805626,-4014.3,5e-05,UTC+8,"[-0.0486, -0.0509, -0.1125, -0.2313, 0.2605, 0.1525]","[-0.0501, 0.0011, -0.0486]"
1744038498287,BTC_USDT,78494.4,-0.0485,78489.8,78530.2,1872052895,14623969238.59331,86383.2,70677.1,74461.5,82780.1,78488.7,78488.8,90810442,-4003.1,5e-05,UTC+8,"[-0.0485, -0.0508, -0.1123, -0.2312, 0.2607, 0.1527]","[-0.05, 0.0013, -0.0485]"
1744038500302,BTC_USDT,78482.3,-0.0486,78482.2,78520.0,1872176315,14624937926.22736,86372.0,70668,74461.5,82780.1,78483.9,78484.0,90841791,-4015.2,5e-05,UTC+8,"[-0.0486, -0.051, -0.1125, -0.2313, 0.2605, 0.1525]","[-0.0501, 0.0011, -0.0486]"
1744038502268,BTC_USDT,78438.2,-0.0492,78448.2,78482.6,1872189849,14625044138.86633,86330.8,70634.3,74461.5,82780.1,78442.5,78442.6,90843015,-4059.3,5e-05,UTC+8,"[-0.0492, -0.0515, -0.113, -0.2317, 0.2598, 0.1519]","[-0.0507, 0.0006, -0.0492]"
1744038504288,BTC_USDT,78431.6,-0.0492,78440,78474.7,1872201218,14625133324.57041,86322.1,70627.2,74461.5,82780.1,78431.6,78431.7,90859680,-4065.9,5e-05,UTC+8,"[-0.0492, -0.0516, -0.1131, -0.2318, 0.2597, 0.1518]","[-0.0508, 0.0005, -0.0492]"
1744038508323,BTC_USDT,78463.2,-0.0489,78464,78497.9,1872238935,14625429232.30138,86347.6,70648.1,74461.5,82780.1,78452.8,78454.3,90911240,-4034.3,5e-05,UTC+8,"[-0.0489, -0.0512, -0.1127, -0.2315, 0.2602, 0.1522]","[-0.0504, 0.0009, -0.0489]"
1744038510282,BTC_USDT,78469.9,-0.0488,78469.9,78511.1,1872245447,14625480332.80317,86362.2,70659.9,74461.5,82780.1,78478.4,78478.5,90913424,-4027.6,5e-05,UTC+8,"[-0.0488, -0.0511, -0.1126, -0.2314, 0.2603, 0.1523]","[-0.0503, 0.001, -0.0488]"
1744038512265,BTC_USDT,78440.8,-0.0491,78450.6,78484.9,1872285591,14625795268.69707,86333.3,70636.4,74461.5,82780.1,78440.7,78440.8,90950059,-4056.7,5e-05,UTC+8,"[-0.0491, -0.0515, -0.113, -0.2317, 0.2598, 0.1519]","[-0.0506, 0.0006, -0.0491]"
1744038514301,BTC_USDT,78429.2,-0.0493,78442,78470.8,1872314005,14626018150.17853,86317.8,70623.7,74461.5,82780.1,78432.8,78432.9,90790652,-4068.3,5e-05,UTC+8,"[-0.0493, -0.0516, -0.1131, -0.2318, 0.2597, 0.1517]","[-0.0508, 0.0005, -0.0493]"
1744038516276,BTC_USDT,78411.1,-0.0495,78436.8,78450.9,1872346091,14626269761.45171,86295.9,70605.8,74461.5,82780.1,78415,78415.1,90812008,-4086.4,5e-05,UTC+8,"[-0.0495, -0.0518, -0.1133, -0.232, 0.2594, 0.1515]","[-0.051, 0.0002, -0.0495]"
1744038518319,BTC_USDT,78397.5,-0.0496,78400,78440.4,1872396850,14626667764.37237,86284.4,70596.3,74461.5,82780.1,78397.5,78397.6,90816426,-4100.0,5e-05,UTC+8,"[-0.0496, -0.052, -0.1134, -0.2321, 0.2591, 0.1513]","[-0.0512, 0.0, -0.0496]"
1744038522325,BTC_USDT,78410.0,-0.0495,78408.7,78450.0,1872431082,14626936179.9587,86295.0,70605,74461.5,82780.1,78396.7,78398.0,90837558,-4087.5,5e-05,UTC+8,"[-0.0495, -0.0518, -0.1133, -0.232, 0.2594, 0.1514]","[-0.051, 0.0002, -0.0495]"
1744038524291,BTC_USDT,78456.3,-0.0489,78447.9,78488.7,1872467381,14627220945.79605,86337.5,70639.8,74461.5,82780.1,78456.2,78456.3,90860991,-4041.2,5e-05,UTC+8,"[-0.0489, -0.0513, -0.1128, -0.2316, 0.2601, 0.1521]","[-0.0505, 0.0008, -0.0489]"
1744038526307,BTC_USDT,78432.8,-0.0492,78442.1,78470.1,1872490053,14627398800.00075,86317.1,70623,74461.5,82780.1,78424.3,78424.4,90862192,-4064.7,5e-05,UTC+8,"[-0.0492, -0.0515, -0.113, -0.2318, 0.2597, 0.1518]","[-0.0507, 0.0005, -0.0492]"
1744038528317,BTC_USDT,78394.6,-0.0497,78396,78437.6,1872511175,14627564375.69326,86281.3,70593.8,74461.5,82780.1,78386.8,78386.9,90897116,-4102.9,5e-05,UTC+8,"[-0.0497, -0.052, -0.1135, -0.2322, 0.2591, 0.1512]","[-0.0512, 0.0, -0.0497]"
1744038530309,BTC_USDT,78349.0,-0.0502,78359.9,78394.4,1872565035,14627986424.36017,86233.8,70554.9,74461.5,82780.1,78347.2,78349.3,90932987,-4148.5,5e-05,UTC+8,"[-0.0502, -0.0526, -0.114, -0.2326, 0.2584, 0.1506]","[-0.0518, -0.0005, -0.0502]"
1744038534301,BTC_USDT,78410.0,-0.0495,78405.9,78443.0,1872651371,14628663207.97691,86287.3,70598.7,74461.5,82780.1,78409.9,78410.0,90838666,-4087.5,5e-05,UTC+8,"[-0.0495, -0.0518, -0.1133, -0.232, 0.2594, 0.1514]","[-0.051, 0.0002, -0.0495]"
1744038536311,BTC_USDT,78451.9,-0.049,78453.2,78476.5,1872728806,14629270421.04586,86324.1,70628.8,74461.5,82780.1,78455.6,78455.7,90866848,-4045.6,5e-05,UTC+8,"[-0.049, -0.0513, -0.1128, -0.2316, 0.26, 0.1521]","[-0.0505, 0.0007, -0.049]"
1744038538271,BTC_USDT,78452.6,-0.049,78468.6,78511.4,1872735307,14629321432.98991,86362.5,70660.2,74461.5,82780.1,78475.8,78475.9,90878180,-4044.9,5e-05,UTC+8,"[-0.049, -0.0513, -0.1128, -0.2316, 0.26, 0.1521]","[-0.0505, 0.0008, -0.049]"
1744038540310,BTC_USDT,78459.8,-0.0489,78467.9,78495.5,1872780826,14629678653.21426,86345.0,70645.9,74461.5,82780.1,78459.8,78459.9,90908647,-4037.7,5e-05,UTC+8,"[-0.0489, -0.0512, -0.1127, -0.2315, 0.2602, 0.1522]","[-0.0504, 0.0008, -0.0489]"
1744038542302,BTC_USDT,78430.1,-0.0493,78451.2,78478.7,1872802659,14629849940.05099,86326.5,70630.8,74461.5,82780.1,78430,78430.1,90920435,-4067.4,5e-05,UTC+8,"[-0.0493, -0.0516, -0.1131, -0.2318, 0.2597, 0.1517]","[-0.0508, 0.0005, -0.0493]"
1744038544314,BTC_USDT,78397.3,-0.0497,78422.5,78447.7,1872824478,14630021003.69463,86292.4,70602.9,74461.5,82780.1,78396,78396.1,90921213,-4100.2,5e-05,UTC+8,"[-0.0497, -0.052, -0.1134, -0.2321, 0.2591, 0.1513]","[-0.0512, 0.0, -0.0497]"
1744038548297,BTC_USDT,78420.4,-0.0494,78425,78450.8,1872865915,14630345887.31323,86295.8,70605.7,74461.5,82780.1,78422.6,78422.7,90961791,-4077.1,5e-05,UTC+8,"[-0.0494, -0.0517, -0.1132, -0.2319, 0.2595, 0.1516]","[-0.0509, 0.0003, -0.0494]"
1744038550306,BTC_USDT,78410.1,-0.0495,78425.4,78457.4,1872870453,14630381476.24397,86303.1,70611.6,74461.5,82780.1,78406.4,78406.5,90707363,-4087.4,5e-05,UTC+8,"[-0.0495, -0.0518, -0.1133, -0.232, 0.2594, 0.1514]","[-0.051, 0.0002, -0.0495]"
