timestamp,symbol,lastPrice,riseFallRate,fairPrice,indexPrice,volume24,amount24,maxBidPrice,minAskPrice,lower24Price,high24Price,bid1,ask1,holdVol,riseFallValue,fundingRate,zone,riseFallRates,riseFallRatesOfTimezone
1735831123119,BTC_USDT,96857.7,0.0259,96857.6,96885.1,873170524,8349800797.81091,106573.6,87196.5,93729.6,97415.2,96857.6,96857.7,179933188,2447.8,0.0001,UTC+8,"[0.0259, -0.0166, -0.0026, 0.5981, 0.7101, 1.1421]","[0.0287, 0.024, 0.0259]"
1735831125119,BTC_USDT,96839.9,0.0257,96845.9,96882.7,873206516,8350149347.44232,106570.9,87194.4,93729.6,97415.2,96839.8,96839.9,180020744,2430.0,0.0001,UTC+8,"[0.0257, -0.0167, -0.0028, 0.5978, 0.7098, 1.1417]","[0.0286, 0.0238, 0.0257]"
1735831127120,BTC_USDT,96853.0,0.0258,96854.4,96891.3,873224546,8350323958.48691,106580.4,87202.1,93729.6,97415.2,96852.9,96853.0,180028808,2443.1,0.0001,UTC+8,"[0.0258, -0.0166, -0.0027, 0.598, 0.7101, 1.142]","[0.0287, 0.024, 0.0258]"
1735831130115,BTC_USDT,96866.1,0.026,96863.0,96898.2,873239843,8350472129.39704,106588.0,87208.3,93729.6,97415.2,96866.1,96866.2,180040572,2456.2,0.0001,UTC+8,"[0.026, -0.0165, -0.0025, 0.5982, 0.7103, 1.1423]","[0.0288, 0.0241, 0.026]"
1735831132122,BTC_USDT,96881.1,0.0261,96875.0,96907.0,873249918,8350569721.8088,106597.7,87216.3,93729.6,97415.2,96881.0,96881.1,180056152,2471.2,0.0001,UTC+8,"[0.0261, -0.0163, -0.0024, 0.5985, 0.7106, 1.1426]","[0.029, 0.0243, 0.0261]"
1735831134119,BTC_USDT,96873.4,0.026,96881.1,96914.9,873254245,8350611641.97753,106606.3,87223.4,93729.6,97415.2,96873.4,96873.5,180056152,2463.5,0.0001,UTC+8,"[0.026, -0.0164, -0.0024, 0.5983, 0.7104, 1.1425]","[0.0289, 0.0242, 0.026]"
1735831136122,BTC_USDT,96875.1,0.0261,96875.1,96911.7,873263969,8350705836.8855,106602.8,87220.5,93729.6,97415.2,96875.0,96875.1,179883144,2465.2,0.0001,UTC+8,"[0.0261, -0.0164, -0.0024, 0.5984, 0.7105, 1.1425]","[0.0289, 0.0242, 0.0261]"
1735831139122,BTC_USDT,96868.1,0.026,96868.1,96902.0,873277601,8350837892.94387,106592.2,87211.8,93729.6,97415.2,96868.1,96868.2,179915568,2458.2,0.0001,UTC+8,"[0.026, -0.0165, -0.0025, 0.5983, 0.7103, 1.1423]","[0.0289, 0.0241, 0.026]"
1735831141117,BTC_USDT,96853.7,0.0258,96863.1,96894.2,873279301,8350854359.58012,106583.6,87204.7,93729.6,97415.2,96850.0,96850.1,179918892,2443.8,0.0001,UTC+8,"[0.0258, -0.0166, -0.0026, 0.598, 0.7101, 1.142]","[0.0287, 0.024, 0.0258]"
1735831143115,BTC_USDT,96882.0,0.0261,96866.2,96903.0,873291958,8350976958.76189,106593.3,87212.7,93729.6,97415.2,96889.9,96890.0,179947784,2472.1,0.0001,UTC+8,"[0.0261, -0.0163, -0.0024, 0.5985, 0.7106, 1.1427]","[0.029, 0.0243, 0.0261]"
1735831145099,BTC_USDT,96895.2,0.0263,96898.4,96935.1,873310514,8351156766.76422,106628.6,87241.5,93729.6,97415.2,96895.2,96895.3,179959848,2485.3,0.0001,UTC+8,"[0.0263, -0.0162, -0.0022, 0.5987, 0.7108, 1.1429]","[0.0291, 0.0244, 0.0263]"
1735831148114,BTC_USDT,96860.8,0.0259,96861.9,96898.6,873332953,8351374156.16204,106588.4,87208.7,93729.6,97415.2,96857.6,96858.7,179977800,2450.9,0.0001,UTC+8,"[0.0259, -0.0165, -0.0026, 0.5981, 0.7102, 1.1422]","[0.0288, 0.0241, 0.0259]"
1735831150120,BTC_USDT,96860.6,0.0259,96857.6,96894.3,873342527,8351466886.0505,106583.7,87204.8,93729.6,97415.2,96860.5,96860.6,180002872,2450.7,0.0001,UTC+8,"[0.0259, -0.0165, -0.0026, 0.5981, 0.7102, 1.1422]","[0.0288, 0.0241, 0.0259]"
1735831152114,BTC_USDT,96858.7,0.0259,96872.8,96897.1,873356174,8351599073.11459,106586.8,87207.3,93729.6,97415.2,96858.6,96858.7,180010036,2448.8,0.0001,UTC+8,"[0.0259, -0.0165, -0.0026, 0.5981, 0.7102, 1.1421]","[0.0288, 0.024, 0.0259]"
1735831155107,BTC_USDT,96853.0,0.0258,96854.6,96891.2,873384047,8351869022.1653,106580.3,87202.0,93729.6,97415.2,96854.3,96854.4,180036560,2443.1,0.0001,UTC+8,"[0.0258, -0.0166, -0.0027, 0.598, 0.7101, 1.142]","[0.0287, 0.024, 0.0258]"
1735831157119,BTC_USDT,96844.2,0.0257,96858.5,96891.5,873396055,8351985325.62225,106580.6,87202.3,93729.6,97415.2,96840.0,96841.5,180066432,2434.3,0.0001,UTC+8,"[0.0257, -0.0167, -0.0027, 0.5979, 0.7099, 1.1418]","[0.0286, 0.0239, 0.0257]"
1735831159117,BTC_USDT,96874.7,0.0261,96868.3,96903.8,873416918,8352187404.42175,106594.1,87213.4,93729.6,97415.2,96874.7,96874.8,179895308,2464.8,0.0001,UTC+8,"[0.0261, -0.0164, -0.0024, 0.5984, 0.7104, 1.1425]","[0.0289, 0.0242, 0.0261]"
1735831161116,BTC_USDT,96844.8,0.0257,96868.0,96885.2,873420058,8352217819.77619,106573.7,87196.6,93729.6,97415.2,96844.8,96844.9,179901256,2434.9,0.0001,UTC+8,"[0.0257, -0.0167, -0.0027, 0.5979, 0.7099, 1.1418]","[0.0286, 0.0239, 0.0257]"
1735831164129,BTC_USDT,96860.5,0.0259,96856.8,96893.5,873432700,8352340254.78325,106582.8,87204.1,93729.6,97415.2,96860.4,96860.5,179929552,2450.6,0.0001,UTC+8,"[0.0259, -0.0165, -0.0026, 0.5981, 0.7102, 1.1422]","[0.0288, 0.0241, 0.0259]"
1735831166119,BTC_USDT,96860.4,0.0259,96860.5,96893.4,873448793,8352496132.34312,106582.7,87204.0,93729.6,97415.2,96871.8,96871.9,179933008,2450.5,0.0001,UTC+8,"[0.0259, -0.0165, -0.0026, 0.5981, 0.7102, 1.1422]","[0.0288, 0.0241, 0.0259]"
1735831168120,BTC_USDT,96848.0,0.0258,96859.5,96888.1,873450254,8352510282.29812,106576.9,87199.2,93729.6,97415.2,96844.8,96844.9,179933012,2438.1,0.0001,UTC+8,"[0.0258, -0.0167, -0.0027, 0.5979, 0.71, 1.1419]","[0.0286, 0.0239, 0.0258]"
1735831170117,BTC_USDT,96837.1,0.0257,96845.5,96882.2,873459868,8352603387.74249,106570.4,87193.9,93729.6,97415.2,96837.0,96837.1,179948512,2427.2,0.0001,UTC+8,"[0.0257, -0.0168, -0.0028, 0.5978, 0.7098, 1.1417]","[0.0285, 0.0238, 0.0257]"
1735831173117,BTC_USDT,96804.0,0.0253,96814.1,96849.4,873521694,8353201940.01549,106534.3,87164.4,93729.6,97415.2,96801.3,96801.4,180015304,2394.1,0.0001,UTC+8,"[0.0253, -0.0171, -0.0032, 0.5972, 0.7092, 1.1409]","[0.0282, 0.0235, 0.0253]"
1735831175113,BTC_USDT,96761.6,0.0249,96771.0,96807.3,873815884,8356049415.17486,106488.0,87126.5,93729.6,97415.2,96752.2,96752.3,180467808,2351.7,0.0001,UTC+8,"[0.0249, -0.0175, -0.0036, 0.5965, 0.7085, 1.14]","[0.0277, 0.023, 0.0249]"
1735831177109,BTC_USDT,96745.0,0.0247,96763.3,96799.6,873900759,8356870607.79494,106479.5,87119.6,93729.6,97415.2,96740.0,96740.1,180510224,2335.1,0.0001,UTC+8,"[0.0247, -0.0177, -0.0038, 0.5962, 0.7082, 1.1396]","[0.0275, 0.0228, 0.0247]"
1735831180120,BTC_USDT,96700.4,0.0242,96724.3,96756.8,874004116,8357870301.28845,106432.4,87081.1,93729.6,97415.2,96700.3,96700.4,180528384,2290.5,0.0001,UTC+8,"[0.0242, -0.0182, -0.0042, 0.5955, 0.7074, 1.1386]","[0.0271, 0.0224, 0.0242]"
1735831182115,BTC_USDT,96679.0,0.024,96685.8,96713.3,874480816,8362479146.07039,106384.6,87041.9,93729.6,97415.2,96664.0,96664.1,180940996,2269.1,0.0001,UTC+8,"[0.024, -0.0184, -0.0044, 0.5951, 0.707, 1.1382]","[0.0268, 0.0221, 0.024]"
1735831184105,BTC_USDT,96670.0,0.0239,96672.5,96709.2,874543397,8363084087.95846,106380.1,87038.2,93729.6,97415.2,96669.9,96670.0,180957860,2260.1,0.0001,UTC+8,"[0.0239, -0.0185, -0.0045, 0.595, 0.7068, 1.138]","[0.0267, 0.022, 0.0239]"
1735831187104,BTC_USDT,96712.8,0.0243,96709.2,96745.9,874618806,8363813172.29744,106420.4,87071.3,93729.6,97415.2,96712.7,96712.8,181085568,2302.9,0.0001,UTC+8,"[0.0243, -0.018, -0.0041, 0.5957, 0.7076, 1.1389]","[0.0272, 0.0225, 0.0243]"
1735831189112,BTC_USDT,96703.6,0.0242,96702.7,96739.5,874754881,8365129171.87679,106413.4,87065.5,93729.6,97415.2,96703.6,96703.7,181146924,2293.7,0.0001,UTC+8,"[0.0242, -0.0181, -0.0042, 0.5955, 0.7074, 1.1387]","[0.0271, 0.0224, 0.0242]"
1735831191116,BTC_USDT,96712.7,0.0243,96710.0,96746.9,874773268,8365306972.58069,106421.5,87072.2,93729.6,97415.2,96712.7,96712.8,181157008,2302.8,0.0001,UTC+8,"[0.0243, -0.018, -0.0041, 0.5957, 0.7076, 1.1389]","[0.0272, 0.0225, 0.0243]"
1735831193120,BTC_USDT,96688.2,0.0241,96705.9,96742.7,874880431,8366343290.14818,106416.9,87068.4,93729.6,97415.2,96681.9,96682.0,179787296,2278.3,0.0001,UTC+8,"[0.0241, -0.0183, -0.0043, 0.5953, 0.7072, 1.1384]","[0.0269, 0.0222, 0.0241]"
1735831196114,BTC_USDT,96641.7,0.0236,96642.2,96679.0,874986598,8367369310.87651,106346.9,87011.1,93729.6,97415.2,96641.6,96641.7,179910200,2231.8,0.0001,UTC+8,"[0.0236, -0.0187, -0.0048, 0.5945, 0.7063, 1.1373]","[0.0264, 0.0217, 0.0236]"
1735831198119,BTC_USDT,96648.8,0.0237,96650.5,96683.9,875006155,8367558321.2616,106352.2,87015.5,93729.6,97415.2,96648.7,96648.8,179932844,2238.9,0.0001,UTC+8,"[0.0237, -0.0187, -0.0048, 0.5946, 0.7065, 1.1375]","[0.0265, 0.0218, 0.0237]"
1735831200183,BTC_USDT,96652.3,0.0237,96654.4,96691.1,875023381,8367724812.55538,106360.2,87021.9,93729.6,97415.2,96657.7,96657.8,179959344,2242.4,0.0001,UTC+8,"[0.0237, -0.0186, -0.0047, 0.5947, 0.7065, 1.1376]","[0.0266, 0.0219, 0.0237]"
1735831202123,BTC_USDT,96660.2,0.0238,96660.0,96694.0,875057892,8368058398.81726,106363.4,87024.6,93729.6,97415.2,96660.1,96660.2,179967416,2250.3,0.0001,UTC+8,"[0.0238, -0.0186, -0.0046, 0.5948, 0.7067, 1.1377]","[0.0266, 0.0219, 0.0238]"
1735831205108,BTC_USDT,96674.6,0.0239,96684.5,96709.8,875126238,8368719102.8804,106380.7,87038.8,93729.6,97415.2,96684.7,96684.8,180069932,2264.7,0.0001,UTC+8,"[0.0239, -0.0184, -0.0045, 0.5951, 0.7069, 1.1381]","[0.0268, 0.0221, 0.0239]"
1735831207115,BTC_USDT,96684.5,0.024,96689.0,96725.7,875157447,8369020861.147,106398.2,87053.1,93729.6,97415.2,96684.4,96686.8,180080112,2274.6,0.0001,UTC+8,"[0.024, -0.0183, -0.0044, 0.5952, 0.7071, 1.1383]","[0.0269, 0.0222, 0.024]"
1735831209121,BTC_USDT,96670.9,0.0239,96675.6,96712.2,875284914,8370253111.13249,106383.4,87040.9,93729.6,97415.2,96670.8,96670.9,180101976,2261.0,0.0001,UTC+8,"[0.0239, -0.0185, -0.0045, 0.595, 0.7068, 1.138]","[0.0268, 0.022, 0.0239]"
1735831211114,BTC_USDT,96651.0,0.0237,96656.5,96691.4,875434674,8371700710.89163,106360.5,87022.2,93729.6,97415.2,96645.6,96645.7,180158816,2241.1,0.0001,UTC+8,"[0.0237, -0.0187, -0.0047, 0.5947, 0.7065, 1.1375]","[0.0265, 0.0218, 0.0237]"
1735831214118,BTC_USDT,96644.2,0.0236,96644.1,96678.7,875459753,8371943066.70515,106346.5,87010.8,93729.6,97415.2,96644.1,96644.2,180006572,2234.3,0.0001,UTC+8,"[0.0236, -0.0187, -0.0048, 0.5946, 0.7064, 1.1374]","[0.0265, 0.0218, 0.0236]"
1735831216125,BTC_USDT,96656.2,0.0237,96658.4,96695.1,875554546,8372859199.40618,106364.6,87025.5,93729.6,97415.2,96656.2,96656.3,180127212,2246.3,0.0001,UTC+8,"[0.0237, -0.0186, -0.0047, 0.5948, 0.7066, 1.1377]","[0.0266, 0.0219, 0.0237]"
1735831218117,BTC_USDT,96645.8,0.0236,96650.7,96686.7,875591223,8373213696.04371,106355.3,87018.0,93729.6,97415.2,96645.7,96645.8,180147104,2235.9,0.0001,UTC+8,"[0.0236, -0.0187, -0.0048, 0.5946, 0.7064, 1.1374]","[0.0265, 0.0218, 0.0236]"
1735831221121,BTC_USDT,96626.8,0.0234,96638.9,96673.2,875640046,8373685503.39197,106340.5,87005.8,93729.6,97415.2,96626.8,96626.9,180177608,2216.9,0.0001,UTC+8,"[0.0234, -0.0189, -0.005, 0.5943, 0.7061, 1.137]","[0.0263, 0.0216, 0.0234]"
1735831223106,BTC_USDT,96605.3,0.0232,96618.9,96634.2,875791589,8375149504.01344,106297.6,86970.7,93729.6,97415.2,96600.0,96600.1,180215076,2195.4,0.0001,UTC+8,"[0.0232, -0.0191, -0.0052, 0.5939, 0.7057, 1.1365]","[0.0261, 0.0214, 0.0232]"
1735831225108,BTC_USDT,96632.8,0.0235,96617.8,96654.4,875830883,8375529064.31255,106319.8,86988.9,93729.6,97415.2,96634.8,96634.9,180282456,2222.9,0.0001,UTC+8,"[0.0235, -0.0188, -0.0049, 0.5944, 0.7062, 1.1371]","[0.0264, 0.0216, 0.0235]"
1735831227117,BTC_USDT,96580.5,0.0229,96597.8,96622.8,876076044,8377897798.76546,106285.0,86960.5,93729.6,97415.2,96580.5,96580.6,180338260,2170.6,0.0001,UTC+8,"[0.0229, -0.0194, -0.0055, 0.5935, 0.7053, 1.136]","[0.0258, 0.0211, 0.0229]"
1735831230109,BTC_USDT,96573.4,0.0229,96573.5,96603.1,876222817,8379315181.99191,106263.4,86942.7,93729.6,97415.2,96573.4,96573.5,180482372,2163.5,0.0001,UTC+8,"[0.0229, -0.0194, -0.0055, 0.5934, 0.7051, 1.1358]","[0.0257, 0.021, 0.0229]"
1735831232145,BTC_USDT,96568.6,0.0228,96576.7,96603.0,876273804,8379807575.44234,106263.3,86942.7,93729.6,97415.2,96568.5,96568.6,180511184,2158.7,0.0001,UTC+8,"[0.0228, -0.0195, -0.0056, 0.5933, 0.705, 1.1357]","[0.0257, 0.021, 0.0228]"
1735831234109,BTC_USDT,96550.4,0.0226,96555.0,96590.1,876531846,8382299419.15509,106249.1,86931.0,93729.6,97415.2,96557.8,96557.9,178254728,2140.5,0.0001,UTC+8,"[0.0226, -0.0197, -0.0058, 0.593, 0.7047, 1.1353]","[0.0255, 0.0208, 0.0226]"
1735831237119,BTC_USDT,96554.9,0.0227,96561.1,96588.1,876737821,8384288277.12021,106246.9,86929.2,93729.6,97415.2,96554.8,96554.9,178492184,2145.0,0.0001,UTC+8,"[0.0227, -0.0196, -0.0057, 0.5931, 0.7048, 1.1354]","[0.0255, 0.0208, 0.0227]"
1735831239098,BTC_USDT,96553.1,0.0227,96550.6,96587.2,878556400,8401847206.29752,106245.9,86928.4,93729.6,97415.2,96560.1,96560.2,178506180,2143.2,0.0001,UTC+8,"[0.0227, -0.0196, -0.0057, 0.5931, 0.7048, 1.1354]","[0.0255, 0.0208, 0.0227]"
1735831241120,BTC_USDT,96556.3,0.0227,96559.9,96596.6,878725867,8403483609.04137,106256.2,86936.9,93729.6,97415.2,96556.2,96556.3,178944904,2146.4,0.0001,UTC+8,"[0.0227, -0.0196, -0.0057, 0.5931, 0.7048, 1.1354]","[0.0255, 0.0208, 0.0227]"
1735831243123,BTC_USDT,96575.6,0.0229,96575.6,96605.3,878742524,8403644467.57321,106265.8,86944.7,93729.6,97415.2,96575.5,96575.6,178974896,2165.7,0.0001,UTC+8,"[0.0229, -0.0194, -0.0055, 0.5934, 0.7052, 1.1359]","[0.0257, 0.021, 0.0229]"
1735831246132,BTC_USDT,96587.2,0.023,96590.4,96627.1,879421965,8410206318.79905,106289.8,86964.3,93729.6,97415.2,96587.1,96587.2,179088480,2177.3,0.0001,UTC+8,"[0.023, -0.0193, -0.0054, 0.5936, 0.7054, 1.1361]","[0.0259, 0.0212, 0.023]"
1735831248120,BTC_USDT,96593.0,0.0231,96590.4,96627.1,879446281,8410441192.82968,106289.8,86964.3,93729.6,97415.2,96592.9,96593.0,179093628,2183.1,0.0001,UTC+8,"[0.0231, -0.0192, -0.0053, 0.5937, 0.7055, 1.1363]","[0.0259, 0.0212, 0.0231]"
1735831250115,BTC_USDT,96588.4,0.023,96593.0,96627.2,881080742,8426228868.71978,106289.9,86964.4,93729.6,97415.2,96588.3,96588.4,183682672,2178.5,0.0001,UTC+8,"[0.023, -0.0193, -0.0054, 0.5936, 0.7054, 1.1362]","[0.0259, 0.0212, 0.023]"
1735831252118,BTC_USDT,96551.4,0.0226,96544.7,96579.7,881315098,8428491219.8014,106237.6,86921.7,93729.6,97415.2,96554.4,96554.5,183820124,2141.5,0.0001,UTC+8,"[0.0226, -0.0197, -0.0058, 0.593, 0.7047, 1.1353]","[0.0255, 0.0208, 0.0226]"
1735831255116,BTC_USDT,96536.3,0.0225,96538.1,96574.9,881835408,8433514676.00157,106232.3,86917.4,93729.6,97415.2,96536.2,96536.3,173977884,2126.4,0.0001,UTC+8,"[0.0225, -0.0198, -0.0059, 0.5928, 0.7045, 1.135]","[0.0253, 0.0206, 0.0225]"
1735831257123,BTC_USDT,96520.8,0.0223,96530.8,96567.6,881869674,8433845442.29404,106224.3,86910.8,93729.6,97415.2,96526.0,96526.1,174051876,2110.9,0.0001,UTC+8,"[0.0223, -0.02, -0.0061, 0.5925, 0.7042, 1.1347]","[0.0252, 0.0205, 0.0223]"
1735831259122,BTC_USDT,96534.5,0.0225,96520.7,96569.6,881887380,8434016345.43833,106226.5,86912.6,93729.6,97415.2,96549.5,96549.6,174068464,2124.6,0.0001,UTC+8,"[0.0225, -0.0198, -0.0059, 0.5928, 0.7044, 1.135]","[0.0253, 0.0206, 0.0225]"
1735831262116,BTC_USDT,96536.3,0.0225,96566.6,96580.2,882457496,8439521588.84469,106238.2,86922.1,93729.6,97415.2,96530.0,96530.1,174145888,2126.4,0.0001,UTC+8,"[0.0225, -0.0198, -0.0059, 0.5928, 0.7045, 1.135]","[0.0253, 0.0206, 0.0225]"
1735831264105,BTC_USDT,96522.5,0.0223,96524.5,96558.2,882467023,8439613553.24338,106214.0,86902.3,93729.6,97415.2,96515.2,96515.3,174161148,2112.6,0.0001,UTC+8,"[0.0223, -0.02, -0.0061, 0.5926, 0.7042, 1.1347]","[0.0252, 0.0205, 0.0223]"
1735831266124,BTC_USDT,96482.1,0.0219,96508.6,96532.3,883000215,8444758392.99442,106185.5,86879.0,93729.6,97415.2,96480.0,96480.1,174241684,2072.2,0.0001,UTC+8,"[0.0219, -0.0204, -0.0065, 0.5919, 0.7035, 1.1338]","[0.0248, 0.0201, 0.0219]"
1735831268115,BTC_USDT,96456.9,0.0216,96473.1,96507.7,883035207,8445095964.21842,106158.4,86856.9,93729.6,97415.2,96456.8,96456.9,174283484,2047.0,0.0001,UTC+8,"[0.0216, -0.0206, -0.0067, 0.5915, 0.7031, 1.1332]","[0.0245, 0.0198, 0.0216]"
1735831271121,BTC_USDT,96465.4,0.0217,96452.7,96497.6,883108704,8445804842.18643,106147.3,86847.8,93729.6,97415.2,96467.7,96467.8,174359932,2055.5,0.0001,UTC+8,"[0.0217, -0.0205, -0.0066, 0.5916, 0.7032, 1.1334]","[0.0246, 0.0199, 0.0217]"
1735831273112,BTC_USDT,96490.3,0.022,96507.9,96529.4,883632825,8450862937.74253,106182.3,86876.4,93729.6,97415.2,96490.3,96490.4,173998256,2080.4,0.0001,UTC+8,"[0.022, -0.0203, -0.0064, 0.592, 0.7037, 1.134]","[0.0248, 0.0201, 0.022]"
1735831275119,BTC_USDT,96491.2,0.022,96496.8,96532.3,883767488,8452162276.20475,106185.5,86879.0,93729.6,97415.2,96491.2,96491.3,174067908,2081.3,0.0001,UTC+8,"[0.022, -0.0203, -0.0064, 0.592, 0.7037, 1.134]","[0.0248, 0.0201, 0.022]"
1735831278115,BTC_USDT,96504.1,0.0221,96501.4,96537.9,884460501,8458849497.58948,106191.6,86884.1,93729.6,97415.2,96504.0,96504.1,174183280,2094.2,0.0001,UTC+8,"[0.0221, -0.0201, -0.0062, 0.5923, 0.7039, 1.1343]","[0.025, 0.0203, 0.0221]"
1735831280106,BTC_USDT,96510.5,0.0222,96505.4,96538.3,884498958,8459220631.21937,106192.1,86884.4,93729.6,97415.2,96510.4,96510.5,174261844,2100.6,0.0001,UTC+8,"[0.0222, -0.0201, -0.0062, 0.5924, 0.704, 1.1344]","[0.0251, 0.0204, 0.0222]"
1735831282117,BTC_USDT,96450.5,0.0216,96457.6,96491.4,884538651,8459603608.03948,106140.5,86842.2,93729.6,97415.2,96450.4,96450.5,174285172,2040.6,0.0001,UTC+8,"[0.0216, -0.0207, -0.0068, 0.5914, 0.703, 1.1331]","[0.0244, 0.0197, 0.0216]"
1735831284118,BTC_USDT,96467.1,0.0217,96463.8,96498.4,884613700,8460327549.27007,106148.2,86848.5,93729.6,97415.2,96455.7,96456.8,174303012,2057.2,0.0001,UTC+8,"[0.0217, -0.0205, -0.0066, 0.5916, 0.7033, 1.1335]","[0.0246, 0.0199, 0.0217]"
1735831287121,BTC_USDT,96479.1,0.0219,96469.2,96512.6,884637986,8460561821.80521,106163.8,86861.3,93729.6,97415.2,96480.1,96480.2,174328568,2069.2,0.0001,UTC+8,"[0.0219, -0.0204, -0.0065, 0.5918, 0.7035, 1.1337]","[0.0247, 0.02, 0.0219]"
1735831289120,BTC_USDT,96500.0,0.0221,96487.6,96532.0,884749717,8461639852.52656,106185.2,86878.8,93729.6,97415.2,96499.9,96500.0,174341748,2090.1,0.0001,UTC+8,"[0.0221, -0.0202, -0.0063, 0.5922, 0.7038, 1.1342]","[0.0249, 0.0202, 0.0221]"
1735831291115,BTC_USDT,96518.7,0.0223,96519.5,96555.9,884782777,8461958926.62085,106211.4,86900.3,93729.6,97415.2,96510.8,96510.9,174427296,2108.8,0.0001,UTC+8,"[0.0223, -0.02, -0.0061, 0.5925, 0.7042, 1.1346]","[0.0251, 0.0204, 0.0223]"
1735831293116,BTC_USDT,96544.6,0.0226,96544.5,96575.6,884801191,8462136656.39816,106233.1,86918.0,93729.6,97415.2,96544.5,96544.6,174445736,2134.7,0.0001,UTC+8,"[0.0226, -0.0197, -0.0058, 0.5929, 0.7046, 1.1352]","[0.0254, 0.0207, 0.0226]"
1735831296122,BTC_USDT,96472.9,0.0218,96502.7,96517.9,884948926,8463562561.86229,106169.6,86866.1,93729.6,97415.2,96472.8,96472.9,174474016,2063.0,0.0001,UTC+8,"[0.0218, -0.0205, -0.0066, 0.5917, 0.7034, 1.1336]","[0.0247, 0.02, 0.0218]"
1735831298121,BTC_USDT,96445.1,0.0215,96454.2,96477.8,884978858,8463851277.13001,106125.5,86830.0,93729.6,97415.2,96439.5,96439.6,173338676,2035.2,0.0001,UTC+8,"[0.0215, -0.0207, -0.0069, 0.5913, 0.7029, 1.133]","[0.0244, 0.0197, 0.0215]"
1735831300111,BTC_USDT,96426.0,0.0213,96438.5,96456.8,885083613,8464861467.60211,106102.4,86811.1,93729.6,97415.2,96417.3,96417.4,173422204,2016.1,0.0001,UTC+8,"[0.0213, -0.0209, -0.007, 0.591, 0.7025, 1.1326]","[0.0242, 0.0195, 0.0213]"
1735831303115,BTC_USDT,96433.4,0.0214,96424.1,96458.2,885140429,8465409299.15254,106104.0,86812.3,93729.6,97415.2,96433.3,96433.4,173441896,2023.5,0.0001,UTC+8,"[0.0214, -0.0209, -0.007, 0.5911, 0.7027, 1.1327]","[0.0242, 0.0195, 0.0214]"
1735831305100,BTC_USDT,96461.9,0.0217,96453.9,96490.3,885249223,8466458573.62966,106139.3,86841.2,93729.6,97415.2,96472.1,96472.2,173454812,2052.0,0.0001,UTC+8,"[0.0217, -0.0206, -0.0067, 0.5916, 0.7032, 1.1334]","[0.0245, 0.0198, 0.0217]"
1735831307115,BTC_USDT,96486.3,0.0219,96468.9,96505.4,885267990,8466639632.4846,106155.9,86854.8,93729.6,97415.2,96486.3,96486.4,173457796,2076.4,0.0001,UTC+8,"[0.0219, -0.0203, -0.0064, 0.592, 0.7036, 1.1339]","[0.0248, 0.0201, 0.0219]"
1735831310117,BTC_USDT,96509.0,0.0222,96509.0,96533.0,885342653,8467360086.27098,106186.3,86879.7,93729.6,97415.2,96500.8,96500.9,173523052,2099.1,0.0001,UTC+8,"[0.0222, -0.0201, -0.0062, 0.5923, 0.704, 1.1344]","[0.025, 0.0203, 0.0222]"
1735831312110,BTC_USDT,96520.2,0.0223,96525.0,96551.1,885431531,8468217786.60091,106206.2,86895.9,93729.6,97415.2,96504.8,96504.9,173552484,2110.3,0.0001,UTC+8,"[0.0223, -0.02, -0.0061, 0.5925, 0.7042, 1.1346]","[0.0252, 0.0205, 0.0223]"
1735831314102,BTC_USDT,96510.8,0.0222,96516.3,96541.3,885459894,8468491526.80503,106195.4,86887.1,93729.6,97415.2,96510.7,96510.8,173568884,2100.9,0.0001,UTC+8,"[0.0222, -0.0201, -0.0062, 0.5924, 0.704, 1.1344]","[0.0251, 0.0204, 0.0222]"
1735831316117,BTC_USDT,96509.0,0.0222,96510.7,96545.0,885487237,8468755427.30077,106199.5,86890.5,93729.6,97415.2,96501.4,96501.5,173330196,2099.1,0.0001,UTC+8,"[0.0222, -0.0201, -0.0062, 0.5923, 0.704, 1.1344]","[0.025, 0.0203, 0.0222]"
1735831319119,BTC_USDT,96472.0,0.0218,96473.9,96510.2,885515292,8469026085.36174,106161.2,86859.1,93729.6,97415.2,96472.0,96472.1,173378656,2062.1,0.0001,UTC+8,"[0.0218, -0.0205, -0.0066, 0.5917, 0.7033, 1.1336]","[0.0246, 0.0199, 0.0218]"
1735831321112,BTC_USDT,96436.9,0.0214,96457.1,96493.4,885571477,8469567986.00123,106142.7,86844.0,93729.6,97415.2,96433.3,96433.4,173465060,2027.0,0.0001,UTC+8,"[0.0214, -0.0208, -0.0069, 0.5911, 0.7027, 1.1328]","[0.0243, 0.0196, 0.0214]"
1735831323115,BTC_USDT,96443.9,0.0215,96452.7,96480.4,885588209,8469729345.70739,106128.4,86832.3,93729.6,97415.2,96438.7,96438.8,173473216,2034.0,0.0001,UTC+8,"[0.0215, -0.0208, -0.0069, 0.5913, 0.7028, 1.133]","[0.0243, 0.0196, 0.0215]"
1735831326121,BTC_USDT,96462.3,0.0217,96488.1,96505.8,885633526,8470166488.19985,106156.3,86855.2,93729.6,97415.2,96462.2,96462.3,173520440,2052.4,0.0001,UTC+8,"[0.0217, -0.0206, -0.0067, 0.5916, 0.7032, 1.1334]","[0.0245, 0.0198, 0.0217]"
1735831328114,BTC_USDT,96448.0,0.0215,96448.6,96484.8,885708574,8470890337.99031,106133.2,86836.3,93729.6,97415.2,96455.6,96455.7,173546992,2038.1,0.0001,UTC+8,"[0.0215, -0.0207, -0.0068, 0.5913, 0.7029, 1.1331]","[0.0244, 0.0197, 0.0215]"
1735831330120,BTC_USDT,96444.3,0.0215,96462.4,96483.8,885737651,8471170789.13339,106132.1,86835.4,93729.6,97415.2,96439.8,96439.9,173602644,2034.4,0.0001,UTC+8,"[0.0215, -0.0208, -0.0069, 0.5913, 0.7028, 1.133]","[0.0243, 0.0197, 0.0215]"
1735831332126,BTC_USDT,96414.9,0.0212,96422.0,96458.0,885786363,8471640535.60102,106103.8,86812.2,93729.6,97415.2,96414.8,96414.9,173651456,2005.0,0.0001,UTC+8,"[0.0212, -0.0211, -0.0072, 0.5908, 0.7023, 1.1323]","[0.024, 0.0193, 0.0212]"
1735831335139,BTC_USDT,96431.5,0.0214,96431.5,96460.3,885844485,8472200919.28021,106106.3,86814.2,93729.6,97415.2,96431.4,96431.5,173598876,2021.6,0.0001,UTC+8,"[0.0214, -0.0209, -0.007, 0.5911, 0.7026, 1.1327]","[0.0242, 0.0195, 0.0214]"
1735831337123,BTC_USDT,96442.5,0.0215,96440.7,96471.6,885875709,8472502042.24213,106118.7,86824.4,93729.6,97415.2,96442.4,96442.5,173616048,2032.6,0.0001,UTC+8,"[0.0215, -0.0208, -0.0069, 0.5912, 0.7028, 1.1329]","[0.0243, 0.0196, 0.0215]"
1735831339120,BTC_USDT,96433.6,0.0214,96442.1,96472.5,885895607,8472693941.58524,106119.7,86825.2,93729.6,97415.2,96433.5,96433.6,173618164,2023.7,0.0001,UTC+8,"[0.0214, -0.0209, -0.007, 0.5911, 0.7027, 1.1327]","[0.0242, 0.0195, 0.0214]"
1735831341120,BTC_USDT,96439.7,0.0214,96436.4,96472.4,885913001,8472861678.9774,106119.6,86825.1,93729.6,97415.2,96439.6,96439.7,173633996,2029.8,0.0001,UTC+8,"[0.0214, -0.0208, -0.0069, 0.5912, 0.7028, 1.1329]","[0.0243, 0.0196, 0.0214]"
1735831344105,BTC_USDT,96459.7,0.0217,96459.7,96484.7,885933558,8473059938.228,106133.1,86836.2,93729.6,97415.2,96471.8,96475.0,173671060,2049.8,0.0001,UTC+8,"[0.0217, -0.0206, -0.0067, 0.5915, 0.7031, 1.1333]","[0.0245, 0.0198, 0.0217]"
1735831346121,BTC_USDT,96436.5,0.0214,96485.2,96511.2,886073757,8474412589.26272,106162.3,86860.0,93729.6,97415.2,96436.4,96440.1,173695144,2026.6,0.0001,UTC+8,"[0.0214, -0.0208, -0.0069, 0.5911, 0.7027, 1.1328]","[0.0243, 0.0196, 0.0214]"
1735831348122,BTC_USDT,96459.5,0.0217,96454.2,96490.0,886099755,8474663345.35467,106139.0,86841.0,93729.6,97415.2,96459.4,96459.5,173709896,2049.6,0.0001,UTC+8,"[0.0217, -0.0206, -0.0067, 0.5915, 0.7031, 1.1333]","[0.0245, 0.0198, 0.0217]"
1735831351118,BTC_USDT,96426.6,0.0213,96450.7,96478.1,886169153,8475332659.98789,106125.9,86830.2,93729.6,97415.2,96417.7,96417.8,173756976,2016.7,0.0001,UTC+8,"[0.0213, -0.0209, -0.007, 0.591, 0.7025, 1.1326]","[0.0242, 0.0195, 0.0213]"
1735831353116,BTC_USDT,96402.6,0.0211,96413.3,96449.1,886186359,8475498545.80605,106094.0,86804.1,93729.6,97415.2,96402.5,96402.6,173765568,1992.7,0.0001,UTC+8,"[0.0211, -0.0212, -0.0073, 0.5906, 0.7021, 1.132]","[0.0239, 0.0192, 0.0211]"
1735831355171,BTC_USDT,96405.5,0.0211,96407.0,96442.8,886217488,8475798647.82755,106087.0,86798.5,93729.6,97415.2,96403.5,96403.6,173604484,1995.6,0.0001,UTC+8,"[0.0211, -0.0211, -0.0073, 0.5906, 0.7022, 1.1321]","[0.0239, 0.0192, 0.0211]"
1735831357122,BTC_USDT,96358.4,0.0206,96387.4,96415.6,886394061,8477500619.11088,106057.1,86774.0,93729.6,97415.2,96355.3,96358.4,173845940,1948.5,0.0001,UTC+8,"[0.0206, -0.0216, -0.0077, 0.5899, 0.7013, 1.1311]","[0.0234, 0.0187, 0.0206]"
1735831360119,BTC_USDT,96295.5,0.0199,96320.2,96322.1,886555714,8479057627.4549,105954.3,86689.8,93729.6,97415.2,96295.7,96295.8,174228380,1885.6,0.0001,UTC+8,"[0.0199, -0.0223, -0.0084, 0.5888, 0.7002, 1.1297]","[0.0228, 0.0181, 0.0199]"
1735831362120,BTC_USDT,96320.1,0.0202,96310.6,96346.5,886758773,8481013270.58537,105981.1,86711.8,93729.6,97415.2,96320.0,96320.1,174270004,1910.2,0.0001,UTC+8,"[0.0202, -0.022, -0.0081, 0.5892, 0.7007, 1.1302]","[0.023, 0.0183, 0.0202]"
1735831364116,BTC_USDT,96330.3,0.0203,96327.9,96360.8,886825096,8481652123.39237,105996.8,86724.7,93729.6,97415.2,96330.3,96330.4,174355804,1920.4,0.0001,UTC+8,"[0.0203, -0.0219, -0.008, 0.5894, 0.7008, 1.1304]","[0.0231, 0.0184, 0.0203]"
1735831367114,BTC_USDT,96404.4,0.0211,96384.7,96420.3,887005318,8483389217.19771,106062.3,86778.2,93729.6,97415.2,96404.3,96404.4,174442384,1994.5,0.0001,UTC+8,"[0.0211, -0.0212, -0.0073, 0.5906, 0.7021, 1.1321]","[0.0239, 0.0192, 0.0211]"
1735831369117,BTC_USDT,96382.4,0.0208,96392.0,96427.5,887195840,8485225553.4572,106070.2,86784.7,93729.6,97415.2,96382.3,96382.4,174886128,1972.5,0.0001,UTC+8,"[0.0208, -0.0214, -0.0075, 0.5902, 0.7018, 1.1316]","[0.0237, 0.019, 0.0208]"
1735831371119,BTC_USDT,96300.2,0.02,96339.8,96366.4,887280925,8486045215.38571,106003.0,86729.7,93729.6,97415.2,96300.2,96300.3,174435008,1890.3,0.0001,UTC+8,"[0.02, -0.0222, -0.0083, 0.5889, 0.7003, 1.1298]","[0.0228, 0.0181, 0.02]"
1735831373120,BTC_USDT,96307.0,0.02,96307.0,96332.8,887341556,8486629092.34625,105966.0,86699.5,93729.6,97415.2,96309.2,96313.1,174530220,1897.1,0.0001,UTC+8,"[0.02, -0.0221, -0.0083, 0.589, 0.7004, 1.1299]","[0.0229, 0.0182, 0.02]"
1735831376113,BTC_USDT,96335.9,0.0204,96335.8,96353.7,887382463,8487023131.0049,105989.0,86718.3,93729.6,97415.2,96336.8,96344.4,174543200,1926.0,0.0001,UTC+8,"[0.0204, -0.0219, -0.008, 0.5895, 0.7009, 1.1306]","[0.0232, 0.0185, 0.0204]"
1735831378122,BTC_USDT,96351.2,0.0205,96345.9,96381.6,887416054,8487346761.7775,106019.7,86743.4,93729.6,97415.2,96351.1,96351.2,174558864,1941.3,0.0001,UTC+8,"[0.0205, -0.0217, -0.0078, 0.5897, 0.7012, 1.1309]","[0.0234, 0.0187, 0.0205]"
1735831380125,BTC_USDT,96360.5,0.0206,96352.1,96383.0,887478363,8487947121.93202,106021.3,86744.7,93729.6,97415.2,96362.7,96370.1,174559200,1950.6,0.0001,UTC+8,"[0.0206, -0.0216, -0.0077, 0.5899, 0.7014, 1.1311]","[0.0235, 0.0188, 0.0206]"
1735831382123,BTC_USDT,96334.5,0.0203,96370.1,96371.7,887581494,8488940671.6063,106008.8,86734.5,93729.6,97415.2,96334.4,96334.5,174804056,1924.6,0.0001,UTC+8,"[0.0203, -0.0219, -0.008, 0.5895, 0.7009, 1.1305]","[0.0232, 0.0185, 0.0203]"
1735831385109,BTC_USDT,96288.2,0.0198,96297.1,96332.2,887703414,8490114883.9035,105965.4,86698.9,93729.6,97415.2,96286.7,96288.3,175056524,1878.3,0.0001,UTC+8,"[0.0198, -0.0223, -0.0085, 0.5887, 0.7001, 1.1295]","[0.0227, 0.018, 0.0198]"
1735831387113,BTC_USDT,96300.0,0.02,96298.3,96332.1,887723198,8490305388.36832,105965.3,86698.8,93729.6,97415.2,96307.5,96307.6,175080180,1890.1,0.0001,UTC+8,"[0.02, -0.0222, -0.0083, 0.5889, 0.7003, 1.1298]","[0.0228, 0.0181, 0.02]"
1735831389123,BTC_USDT,96300.2,0.02,96309.0,96332.0,887761950,8490678578.62583,105965.2,86698.8,93729.6,97415.2,96300.1,96300.2,175152144,1890.3,0.0001,UTC+8,"[0.02, -0.0222, -0.0083, 0.5889, 0.7003, 1.1298]","[0.0228, 0.0181, 0.02]"
1735831392122,BTC_USDT,96322.9,0.0202,96313.9,96343.8,888037777,8493334990.09727,105978.1,86709.4,93729.6,97415.2,96322.8,96322.9,175220656,1913.0,0.0001,UTC+8,"[0.0202, -0.022, -0.0081, 0.5893, 0.7007, 1.1303]","[0.0231, 0.0184, 0.0202]"
1735831394118,BTC_USDT,96369.4,0.0207,96359.0,96391.7,888138544,8494305861.69644,106030.8,86752.5,93729.6,97415.2,96369.3,96369.4,175329260,1959.5,0.0001,UTC+8,"[0.0207, -0.0215, -0.0076, 0.59, 0.7015, 1.1313]","[0.0236, 0.0189, 0.0207]"
1735831396114,BTC_USDT,96369.7,0.0207,96378.3,96408.4,888226814,8495156554.30033,106049.2,86767.5,93729.6,97415.2,96361.4,96362.5,175365552,1959.8,0.0001,UTC+8,"[0.0207, -0.0215, -0.0076, 0.59, 0.7015, 1.1313]","[0.0236, 0.0189, 0.0207]"
1735831398109,BTC_USDT,96334.5,0.0203,96341.8,96368.2,888242584,8495308489.08493,106005.0,86731.3,93729.6,97415.2,96334.5,96334.6,174494816,1924.6,0.0001,UTC+8,"[0.0203, -0.0219, -0.008, 0.5895, 0.7009, 1.1305]","[0.0232, 0.0185, 0.0203]"
1735831401119,BTC_USDT,96369.4,0.0207,96352.8,96379.7,888459350,8497397044.44514,106017.6,86741.7,93729.6,97415.2,96373.4,96373.5,174551208,1959.5,0.0001,UTC+8,"[0.0207, -0.0215, -0.0076, 0.59, 0.7015, 1.1313]","[0.0236, 0.0189, 0.0207]"
1735831403118,BTC_USDT,96388.3,0.0209,96393.3,96418.3,888513734,8497921209.84417,106060.1,86776.4,93729.6,97415.2,96389.8,96389.9,174552856,1978.4,0.0001,UTC+8,"[0.0209, -0.0213, -0.0074, 0.5903, 0.7019, 1.1317]","[0.0238, 0.0191, 0.0209]"
1735831405121,BTC_USDT,96347.4,0.0205,96377.2,96383.1,888559013,8498357548.44713,106021.4,86744.7,93729.6,97415.2,96347.3,96347.4,174647164,1937.5,0.0001,UTC+8,"[0.0205, -0.0217, -0.0079, 0.5897, 0.7011, 1.1308]","[0.0233, 0.0186, 0.0205]"
1735831407122,BTC_USDT,96336.8,0.0204,96338.8,96373.3,888683219,8499554233.95631,106010.6,86735.9,93729.6,97415.2,96336.7,96336.8,174663116,1926.9,0.0001,UTC+8,"[0.0204, -0.0218, -0.008, 0.5895, 0.7009, 1.1306]","[0.0232, 0.0185, 0.0204]"
1735831410150,BTC_USDT,96346.4,0.0205,96353.1,96378.2,888714759,8499858120.769,106016.0,86740.3,93729.6,97415.2,96346.4,96346.5,174714564,1936.5,0.0001,UTC+8,"[0.0205, -0.0217, -0.0079, 0.5897, 0.7011, 1.1308]","[0.0233, 0.0186, 0.0205]"
1735831412119,BTC_USDT,96346.4,0.0205,96346.4,96378.3,888739745,8500098852.07596,106016.1,86740.4,93729.6,97415.2,96346.4,96346.5,174332272,1936.5,0.0001,UTC+8,"[0.0205, -0.0217, -0.0079, 0.5897, 0.7011, 1.1308]","[0.0233, 0.0186, 0.0205]"
1735831414117,BTC_USDT,96375.0,0.0208,96358.7,96393.2,888741702,8500117708.35207,106032.5,86753.8,93729.6,97415.2,96388.1,96389.9,174338116,1965.1,0.0001,UTC+8,"[0.0208, -0.0215, -0.0076, 0.5901, 0.7016, 1.1314]","[0.0236, 0.0189, 0.0208]"
1735831417161,BTC_USDT,96364.9,0.0207,96397.1,96418.1,888858451,8501243076.37103,106059.9,86776.2,93729.6,97415.2,96361.6,96361.7,174586300,1955.0,0.0001,UTC+8,"[0.0207, -0.0216, -0.0077, 0.59, 0.7014, 1.1312]","[0.0235, 0.0188, 0.0207]"
1735831419112,BTC_USDT,96358.6,0.0206,96358.6,96392.6,888884421,8501493315.70864,106031.8,86753.3,93729.6,97415.2,96369.4,96369.5,174652256,1948.7,0.0001,UTC+8,"[0.0206, -0.0216, -0.0077, 0.5899, 0.7013, 1.1311]","[0.0234, 0.0187, 0.0206]"
1735831421113,BTC_USDT,96375.0,0.0208,96367.7,96399.5,888897808,8501622323.79194,106039.4,86759.5,93729.6,97415.2,96384.5,96384.6,174676308,1965.1,0.0001,UTC+8,"[0.0208, -0.0215, -0.0076, 0.5901, 0.7016, 1.1314]","[0.0236, 0.0189, 0.0208]"
1735831423113,BTC_USDT,96424.8,0.0213,96414.0,96448.5,888941958,8502047946.03364,106093.3,86803.6,93729.6,97415.2,96424.7,96424.8,174680936,2014.9,0.0001,UTC+8,"[0.0213, -0.021, -0.0071, 0.5909, 0.7025, 1.1325]","[0.0241, 0.0194, 0.0213]"
1735831426118,BTC_USDT,96420.0,0.0212,96420.1,96449.6,888986511,8502477525.96446,106094.5,86804.6,93729.6,97415.2,96420.0,96420.1,174714240,2010.1,0.0001,UTC+8,"[0.0212, -0.021, -0.0071, 0.5909, 0.7024, 1.1324]","[0.0241, 0.0194, 0.0212]"
1735831428100,BTC_USDT,96436.7,0.0214,96432.4,96464.1,889026479,8502862935.78827,106110.5,86817.6,93729.6,97415.2,96436.7,96436.8,174765132,2026.8,0.0001,UTC+8,"[0.0214, -0.0208, -0.0069, 0.5911, 0.7027, 1.1328]","[0.0243, 0.0196, 0.0214]"
1735831430115,BTC_USDT,96420.0,0.0212,96436.7,96454.9,889151415,8504067672.75561,106100.3,86809.4,93729.6,97415.2,96420.0,96420.1,174931448,2010.1,0.0001,UTC+8,"[0.0212, -0.021, -0.0071, 0.5909, 0.7024, 1.1324]","[0.0241, 0.0194, 0.0212]"
1735831433121,BTC_USDT,96428.6,0.0213,96451.0,96485.6,889223234,8504760246.26806,106134.1,86837.0,93729.6,97415.2,96427.3,96428.6,175010604,2018.7,0.0001,UTC+8,"[0.0213, -0.0209, -0.007, 0.591, 0.7026, 1.1326]","[0.0242, 0.0195, 0.0213]"
1735831435108,BTC_USDT,96432.9,0.0214,96432.8,96460.4,889320238,8505695620.1387,106106.4,86814.3,93729.6,97415.2,96432.8,96432.9,175024556,2023.0,0.0001,UTC+8,"[0.0214, -0.0209, -0.007, 0.5911, 0.7026, 1.1327]","[0.0242, 0.0195, 0.0214]"
1735831437118,BTC_USDT,96457.4,0.0216,96452.6,96487.0,889348102,8505964348.65565,106135.7,86838.3,93729.6,97415.2,96461.3,96461.4,175030384,2047.5,0.0001,UTC+8,"[0.0216, -0.0206, -0.0067, 0.5915, 0.7031, 1.1333]","[0.0245, 0.0198, 0.0216]"
1735831439114,BTC_USDT,96456.3,0.0216,96459.2,96493.5,889420589,8506663536.45202,106142.8,86844.1,93729.6,97415.2,96456.2,96456.3,175086464,2046.4,0.0001,UTC+8,"[0.0216, -0.0206, -0.0067, 0.5915, 0.7031, 1.1332]","[0.0245, 0.0198, 0.0216]"
1735831442118,BTC_USDT,96450.7,0.0216,96455.7,96486.3,889544215,8507855975.99201,106134.9,86837.6,93729.6,97415.2,96442.9,96443.0,175100708,2040.8,0.0001,UTC+8,"[0.0216, -0.0207, -0.0068, 0.5914, 0.703, 1.1331]","[0.0244, 0.0197, 0.0216]"
1735831444112,BTC_USDT,96466.1,0.0217,96465.4,96499.7,889553889,8507949293.42688,106149.6,86849.7,93729.6,97415.2,96466.0,96466.1,175117284,2056.2,0.0001,UTC+8,"[0.0217, -0.0205, -0.0066, 0.5916, 0.7032, 1.1335]","[0.0246, 0.0199, 0.0217]"
1735831446115,BTC_USDT,96467.1,0.0217,96466.1,96499.8,889592578,8508322517.74824,106149.7,86849.8,93729.6,97415.2,96467.0,96467.1,175132380,2057.2,0.0001,UTC+8,"[0.0217, -0.0205, -0.0066, 0.5916, 0.7033, 1.1335]","[0.0246, 0.0199, 0.0217]"
1735831449124,BTC_USDT,96491.2,0.022,96496.0,96516.7,889760834,8509945777.01306,106168.3,86865.0,93729.6,97415.2,96497.8,96497.9,175590864,2081.3,0.0001,UTC+8,"[0.022, -0.0203, -0.0064, 0.592, 0.7037, 1.134]","[0.0248, 0.0201, 0.022]"
1735831451117,BTC_USDT,96510.4,0.0222,96515.3,96549.7,889821329,8510529588.69344,106204.6,86894.7,93729.6,97415.2,96510.3,96510.4,175684588,2100.5,0.0001,UTC+8,"[0.0222, -0.0201, -0.0062, 0.5924, 0.704, 1.1344]","[0.0251, 0.0204, 0.0222]"
1735831453115,BTC_USDT,96555.5,0.0227,96538.1,96572.5,889857775,8510881412.57492,106229.7,86915.2,93729.6,97415.2,96555.4,96555.5,175738892,2145.6,0.0001,UTC+8,"[0.0227, -0.0196, -0.0057, 0.5931, 0.7048, 1.1354]","[0.0255, 0.0208, 0.0227]"
1735831455105,BTC_USDT,96564.9,0.0228,96561.5,96593.8,889924252,8511523290.62518,106253.1,86934.4,93729.6,97415.2,96564.8,96564.9,175787600,2155.0,0.0001,UTC+8,"[0.0228, -0.0195, -0.0056, 0.5933, 0.705, 1.1356]","[0.0256, 0.0209, 0.0228]"
1735831458121,BTC_USDT,96564.9,0.0228,96579.8,96612.2,890268245,8514845542.49621,106273.4,86950.9,93729.6,97415.2,96558.4,96558.5,175654260,2155.0,0.0001,UTC+8,"[0.0228, -0.0195, -0.0056, 0.5933, 0.705, 1.1356]","[0.0256, 0.0209, 0.0228]"
1735831460116,BTC_USDT,96515.3,0.0223,96550.0,96584.0,890438583,8516489929.8852,106242.4,86925.6,93729.6,97415.2,96510.5,96510.6,175790172,2105.4,0.0001,UTC+8,"[0.0223, -0.02, -0.0061, 0.5924, 0.7041, 1.1345]","[0.0251, 0.0204, 0.0223]"
1735831462110,BTC_USDT,96466.2,0.0217,96488.2,96515.0,890510342,8517182351.40129,106166.5,86863.5,93729.6,97415.2,96466.1,96466.2,175857244,2056.3,0.0001,UTC+8,"[0.0217, -0.0205, -0.0066, 0.5916, 0.7032, 1.1335]","[0.0246, 0.0199, 0.0217]"
1735831465122,BTC_USDT,96476.6,0.0218,96474.2,96508.5,890603607,8518082056.86923,106159.3,86857.6,93729.6,97415.2,96476.6,96476.7,175972016,2066.7,0.0001,UTC+8,"[0.0218, -0.0204, -0.0065, 0.5918, 0.7034, 1.1337]","[0.0247, 0.02, 0.0218]"
1735831467111,BTC_USDT,96467.6,0.0217,96486.3,96519.7,890701469,8519026198.08727,106171.6,86867.7,93729.6,97415.2,96462.4,96462.5,176060548,2057.7,0.0001,UTC+8,"[0.0217, -0.0205, -0.0066, 0.5917, 0.7033, 1.1335]","[0.0246, 0.0199, 0.0217]"
1735831469118,BTC_USDT,96466.9,0.0217,96465.3,96499.6,890730784,8519308978.50496,106149.5,86849.6,93729.6,97415.2,96466.8,96466.9,176078624,2057.0,0.0001,UTC+8,"[0.0217, -0.0205, -0.0066, 0.5916, 0.7032, 1.1335]","[0.0246, 0.0199, 0.0217]"
1735831471124,BTC_USDT,96447.8,0.0215,96463.2,96497.6,890826756,8520234700.51935,106147.3,86847.8,93729.6,97415.2,96447.8,96447.9,175642616,2037.9,0.0001,UTC+8,"[0.0215, -0.0207, -0.0068, 0.5913, 0.7029, 1.133]","[0.0244, 0.0197, 0.0215]"
1735831474123,BTC_USDT,96386.2,0.0209,96395.3,96429.6,890961314,8521531919.22499,106072.5,86786.6,93729.6,97415.2,96386.2,96386.3,176006116,1976.3,0.0001,UTC+8,"[0.0209, -0.0213, -0.0075, 0.5903, 0.7018, 1.1317]","[0.0237, 0.019, 0.0209]"
1735831476121,BTC_USDT,96390.5,0.0209,96394.7,96429.2,890985743,8521767381.26768,106072.1,86786.2,93729.6,97415.2,96390.4,96390.5,176072160,1980.6,0.0001,UTC+8,"[0.0209, -0.0213, -0.0074, 0.5904, 0.7019, 1.1318]","[0.0238, 0.0191, 0.0209]"
1735831478181,BTC_USDT,96421.4,0.0213,96402.5,96434.0,891015578,8522054998.46801,106077.4,86790.6,93729.6,97415.2,96417.4,96417.5,176082592,2011.5,0.0001,UTC+8,"[0.0213, -0.021, -0.0071, 0.5909, 0.7024, 1.1325]","[0.0241, 0.0194, 0.0213]"
1735831481117,BTC_USDT,96409.2,0.0211,96404.1,96438.5,891062883,8522511057.0449,106082.3,86794.6,93729.6,97415.2,96409.1,96409.2,176112804,1999.3,0.0001,UTC+8,"[0.0211, -0.0211, -0.0072, 0.5907, 0.7022, 1.1322]","[0.024, 0.0193, 0.0211]"
1735831483113,BTC_USDT,96409.9,0.0211,96435.8,96469.7,891067578,8522556330.77601,106116.6,86822.7,93729.6,97415.2,96405.6,96405.7,176121696,2000.0,0.0001,UTC+8,"[0.0211, -0.0211, -0.0072, 0.5907, 0.7022, 1.1322]","[0.024, 0.0193, 0.0211]"
1735831485114,BTC_USDT,96390.4,0.0209,96411.5,96445.9,891072111,8522600028.20824,106090.4,86801.3,93729.6,97415.2,96399.5,96399.6,176124448,1980.5,0.0001,UTC+8,"[0.0209, -0.0213, -0.0074, 0.5904, 0.7019, 1.1318]","[0.0238, 0.0191, 0.0209]"
1735831487114,BTC_USDT,96366.9,0.0207,96395.6,96428.7,891080396,8522679887.05055,106071.5,86785.8,93729.6,97415.2,96366.0,96366.1,176134160,1957.0,0.0001,UTC+8,"[0.0207, -0.0215, -0.0077, 0.59, 0.7015, 1.1313]","[0.0235, 0.0188, 0.0207]"
1735831490111,BTC_USDT,96337.1,0.0204,96359.3,96387.0,891278197,8524585858.62511,106025.7,86748.3,93729.6,97415.2,96332.5,96332.6,176171516,1927.2,0.0001,UTC+8,"[0.0204, -0.0218, -0.008, 0.5895, 0.701, 1.1306]","[0.0232, 0.0185, 0.0204]"
1735831492120,BTC_USDT,96378.1,0.0208,96357.0,96391.1,891304840,8524842569.11362,106030.2,86751.9,93729.6,97415.2,96378.0,96378.1,175537912,1968.2,0.0001,UTC+8,"[0.0208, -0.0214, -0.0075, 0.5902, 0.7017, 1.1315]","[0.0236, 0.019, 0.0208]"
1735831494122,BTC_USDT,96394.7,0.021,96392.6,96426.8,891310501,8524897136.90021,106069.4,86784.1,93729.6,97415.2,96394.6,96394.7,175546688,1984.8,0.0001,UTC+8,"[0.021, -0.0213, -0.0074, 0.5905, 0.702, 1.1319]","[0.0238, 0.0191, 0.021]"
1735831497117,BTC_USDT,96389.9,0.0209,96396.6,96429.4,891383629,8525602050.19103,106072.3,86786.4,93729.6,97415.2,96389.9,96390.0,175558300,1980.0,0.0001,UTC+8,"[0.0209, -0.0213, -0.0074, 0.5904, 0.7019, 1.1318]","[0.0238, 0.0191, 0.0209]"
1735831499114,BTC_USDT,96389.9,0.0209,96390.9,96425.1,891394483,8525706671.8339,106067.6,86782.5,93729.6,97415.2,96389.9,96390.0,175588980,1980.0,0.0001,UTC+8,"[0.0209, -0.0213, -0.0074, 0.5904, 0.7019, 1.1318]","[0.0238, 0.0191, 0.0209]"
1735831501143,BTC_USDT,96360.1,0.0206,96365.9,96400.1,891440712,8526152274.7617,106040.1,86760.0,93729.6,97415.2,96360.0,96360.1,175591344,1950.2,0.0001,UTC+8,"[0.0206, -0.0216, -0.0077, 0.5899, 0.7014, 1.1311]","[0.0235, 0.0188, 0.0206]"
1735831503125,BTC_USDT,96385.1,0.0209,96383.4,96417.7,891454810,8526288127.94235,106059.4,86775.9,93729.6,97415.2,96385.0,96385.1,175599064,1975.2,0.0001,UTC+8,"[0.0209, -0.0214, -0.0075, 0.5903, 0.7018, 1.1317]","[0.0237, 0.019, 0.0209]"
1735831506116,BTC_USDT,96386.2,0.0209,96386.2,96418.0,891526721,8526981251.94404,106059.8,86776.2,93729.6,97415.2,96386.1,96386.2,175648056,1976.3,0.0001,UTC+8,"[0.0209, -0.0213, -0.0075, 0.5903, 0.7018, 1.1317]","[0.0237, 0.019, 0.0209]"
1735831508111,BTC_USDT,96373.8,0.0208,96386.1,96416.7,891531773,8527029943.70733,106058.3,86775.0,93729.6,97415.2,96373.7,96373.8,175657560,1963.9,0.0001,UTC+8,"[0.0208, -0.0215, -0.0076, 0.5901, 0.7016, 1.1314]","[0.0236, 0.0189, 0.0208]"
1735831510105,BTC_USDT,96405.3,0.0211,96402.8,96429.2,891560041,8527302419.6116,106072.1,86786.2,93729.6,97415.2,96405.2,96405.3,175728100,1995.4,0.0001,UTC+8,"[0.0211, -0.0211, -0.0073, 0.5906, 0.7022, 1.1321]","[0.0239, 0.0192, 0.0211]"
1735831513116,BTC_USDT,96422.0,0.0213,96414.0,96438.7,891575803,8527454381.49331,106082.5,86794.8,93729.6,97415.2,96424.9,96425.0,175459500,2012.1,0.0001,UTC+8,"[0.0213, -0.021, -0.0071, 0.5909, 0.7025, 1.1325]","[0.0241, 0.0194, 0.0213]"
1735831515111,BTC_USDT,96422.9,0.0213,96447.8,96453.9,891605379,8527739569.17987,106099.2,86808.5,93729.6,97415.2,96422.8,96422.9,175493084,2013.0,0.0001,UTC+8,"[0.0213, -0.021, -0.0071, 0.5909, 0.7025, 1.1325]","[0.0241, 0.0194, 0.0213]"
1735831517114,BTC_USDT,96417.9,0.0212,96422.9,96452.5,891619811,8527878722.1404,106097.7,86807.2,93729.6,97415.2,96417.9,96418.0,175509192,2008.0,0.0001,UTC+8,"[0.0212, -0.021, -0.0071, 0.5908, 0.7024, 1.1324]","[0.0241, 0.0194, 0.0212]"
1735831519104,BTC_USDT,96438.6,0.0214,96438.7,96459.9,891653504,8528203613.44856,106105.8,86813.9,93729.6,97415.2,96441.3,96441.4,175563688,2028.7,0.0001,UTC+8,"[0.0214, -0.0208, -0.0069, 0.5912, 0.7027, 1.1328]","[0.0243, 0.0196, 0.0214]"
1735831522113,BTC_USDT,96450.0,0.0216,96443.3,96473.0,891671103,8528373339.64339,106120.3,86825.7,93729.6,97415.2,96449.9,96450.0,175574948,2040.1,0.0001,UTC+8,"[0.0216, -0.0207, -0.0068, 0.5914, 0.7029, 1.1331]","[0.0244, 0.0197, 0.0216]"
1735831524112,BTC_USDT,96449.9,0.0216,96460.0,96479.5,891673984,8528401128.11511,106127.4,86831.5,93729.6,97415.2,96447.8,96447.9,175577208,2040.0,0.0001,UTC+8,"[0.0216, -0.0207, -0.0068, 0.5914, 0.7029, 1.1331]","[0.0244, 0.0197, 0.0216]"
1735831526116,BTC_USDT,96454.9,0.0216,96445.3,96479.3,891724731,8528890563.01469,106127.2,86831.3,93729.6,97415.2,96454.8,96454.9,175688200,2045.0,0.0001,UTC+8,"[0.0216, -0.0206, -0.0068, 0.5914, 0.703, 1.1332]","[0.0245, 0.0198, 0.0216]"
1735831529123,BTC_USDT,96467.5,0.0217,96467.5,96490.8,891748917,8529123860.63066,106139.8,86841.7,93729.6,97415.2,96474.9,96475.0,175663120,2057.6,0.0001,UTC+8,"[0.0217, -0.0205, -0.0066, 0.5917, 0.7033, 1.1335]","[0.0246, 0.0199, 0.0217]"
1735831531123,BTC_USDT,96462.3,0.0217,96468.2,96492.6,891779450,8529418407.93652,106141.8,86843.3,93729.6,97415.2,96462.2,96462.3,175687764,2052.4,0.0001,UTC+8,"[0.0217, -0.0206, -0.0067, 0.5916, 0.7032, 1.1334]","[0.0245, 0.0198, 0.0217]"
1735831533117,BTC_USDT,96487.5,0.022,96474.7,96508.5,891795221,8529570564.01255,106159.3,86857.6,93729.6,97415.2,96487.5,96487.6,175699824,2077.6,0.0001,UTC+8,"[0.022, -0.0203, -0.0064, 0.592, 0.7036, 1.1339]","[0.0248, 0.0201, 0.022]"
1735831535113,BTC_USDT,96480.5,0.0219,96492.2,96519.5,891826679,8529874110.79023,106171.4,86867.5,93729.6,97415.2,96480.4,96480.5,175716040,2070.6,0.0001,UTC+8,"[0.0219, -0.0204, -0.0065, 0.5919, 0.7035, 1.1338]","[0.0247, 0.02, 0.0219]"
1735831538138,BTC_USDT,96477.6,0.0219,96478.7,96508.8,892015306,8531693960.06551,106159.6,86857.9,93729.6,97415.2,96477.5,96477.6,176131992,2067.7,0.0001,UTC+8,"[0.0219, -0.0204, -0.0065, 0.5918, 0.7034, 1.1337]","[0.0247, 0.02, 0.0219]"
1735831540116,BTC_USDT,96491.3,0.022,96488.5,96522.2,892017365,8531713823.65033,106174.4,86869.9,93729.6,97415.2,96494.8,96494.9,176135408,2081.4,0.0001,UTC+8,"[0.022, -0.0203, -0.0064, 0.592, 0.7037, 1.134]","[0.0248, 0.0201, 0.022]"
1735831542120,BTC_USDT,96500.0,0.0221,96491.4,96525.1,892041698,8531948634.14654,106177.6,86872.5,93729.6,97415.2,96499.9,96500.0,176141880,2090.1,0.0001,UTC+8,"[0.0221, -0.0202, -0.0063, 0.5922, 0.7038, 1.1342]","[0.0249, 0.0202, 0.0221]"
1735831544115,BTC_USDT,96494.9,0.022,96500.0,96525.5,892129870,8532799490.00977,106178.0,86872.9,93729.6,97415.2,96499.9,96500.0,176147800,2085.0,0.0001,UTC+8,"[0.022, -0.0202, -0.0063, 0.5921, 0.7037, 1.1341]","[0.0249, 0.0202, 0.022]"
1735831547111,BTC_USDT,96475.0,0.0218,96494.9,96515.2,892153446,8533026967.07588,106166.7,86863.6,93729.6,97415.2,96472.0,96472.1,176169408,2065.1,0.0001,UTC+8,"[0.0218, -0.0204, -0.0065, 0.5918, 0.7034, 1.1336]","[0.0247, 0.02, 0.0218]"
1735831549120,BTC_USDT,96490.1,0.022,96491.1,96518.5,892220456,8533673544.31503,106170.3,86866.6,93729.6,97415.2,96486.3,96486.4,176218172,2080.2,0.0001,UTC+8,"[0.022, -0.0203, -0.0064, 0.592, 0.7037, 1.134]","[0.0248, 0.0201, 0.022]"
1735831551116,BTC_USDT,96476.7,0.0218,96476.7,96504.1,892232418,8533788951.61247,106154.5,86853.6,93729.6,97415.2,96476.7,96476.8,176026496,2066.8,0.0001,UTC+8,"[0.0218, -0.0204, -0.0065, 0.5918, 0.7034, 1.1337]","[0.0247, 0.02, 0.0218]"
1735831554119,BTC_USDT,96462.4,0.0217,96462.4,96494.4,892259384,8534049076.37561,106143.8,86844.9,93729.6,97415.2,96462.3,96462.4,176074464,2052.5,0.0001,UTC+8,"[0.0217, -0.0206, -0.0067, 0.5916, 0.7032, 1.1334]","[0.0245, 0.0198, 0.0217]"
1735831556122,BTC_USDT,96499.9,0.0221,96496.6,96523.3,892283710,8534283790.18225,106175.6,86870.9,93729.6,97415.2,96499.8,96499.9,176103840,2090.0,0.0001,UTC+8,"[0.0221, -0.0202, -0.0063, 0.5922, 0.7038, 1.1342]","[0.0249, 0.0202, 0.0221]"
1735831558118,BTC_USDT,96529.8,0.0224,96527.2,96555.9,892343449,8534860385.23765,106211.4,86900.3,93729.6,97415.2,96520.1,96520.2,176110456,2119.9,0.0001,UTC+8,"[0.0224, -0.0199, -0.006, 0.5927, 0.7044, 1.1349]","[0.0253, 0.0206, 0.0224]"
1735831560123,BTC_USDT,96529.2,0.0224,96528.7,96561.7,892381149,8535224293.59283,106217.8,86905.5,93729.6,97415.2,96529.1,96529.2,176133644,2119.3,0.0001,UTC+8,"[0.0224, -0.0199, -0.006, 0.5927, 0.7043, 1.1348]","[0.0253, 0.0205, 0.0224]"
1735831563121,BTC_USDT,96529.7,0.0224,96529.1,96555.1,892411552,8535517750.92715,106210.6,86899.5,93729.6,97415.2,96529.7,96529.8,176140516,2119.8,0.0001,UTC+8,"[0.0224, -0.0199, -0.006, 0.5927, 0.7044, 1.1349]","[0.0253, 0.0206, 0.0224]"
1735831565118,BTC_USDT,96511.2,0.0222,96511.2,96543.1,892435419,8535748138.58714,106197.4,86888.7,93729.6,97415.2,96529.7,96529.8,176144508,2101.3,0.0001,UTC+8,"[0.0222, -0.0201, -0.0062, 0.5924, 0.704, 1.1344]","[0.0251, 0.0204, 0.0222]"
1735831567127,BTC_USDT,96529.8,0.0224,96529.8,96556.3,892464416,8536028027.5801,106211.9,86900.6,93729.6,97415.2,96529.7,96529.8,176156832,2119.9,0.0001,UTC+8,"[0.0224, -0.0199, -0.006, 0.5927, 0.7044, 1.1349]","[0.0253, 0.0206, 0.0224]"
1735831569117,BTC_USDT,96537.1,0.0225,96539.8,96572.8,892558106,8536932435.91808,106230.0,86915.5,93729.6,97415.2,96537.0,96537.1,176183880,2127.2,0.0001,UTC+8,"[0.0225, -0.0198, -0.0059, 0.5928, 0.7045, 1.135]","[0.0253, 0.0206, 0.0225]"
1735831572131,BTC_USDT,96487.0,0.022,96528.8,96527.5,892623947,8537567992.87496,106180.2,86874.7,93729.6,97415.2,96487.0,96487.1,176408808,2077.1,0.0001,UTC+8,"[0.022, -0.0203, -0.0064, 0.592, 0.7036, 1.1339]","[0.0248, 0.0201, 0.022]"
1735831574119,BTC_USDT,96467.1,0.0217,96476.1,96508.8,892671807,8538029744.681,106159.6,86857.9,93729.6,97415.2,96467.0,96467.1,176435456,2057.2,0.0001,UTC+8,"[0.0217, -0.0205, -0.0066, 0.5916, 0.7033, 1.1335]","[0.0246, 0.0199, 0.0217]"
1735831576119,BTC_USDT,96462.5,0.0217,96467.9,96500.6,892682165,8538129665.02548,106150.6,86850.5,93729.6,97415.2,96462.5,96462.6,176440260,2052.6,0.0001,UTC+8,"[0.0217, -0.0206, -0.0067, 0.5916, 0.7032, 1.1334]","[0.0245, 0.0198, 0.0217]"
1735831579113,BTC_USDT,96481.5,0.0219,96476.4,96509.1,892724474,8538537858.19475,106160.0,86858.1,93729.6,97415.2,96481.4,96481.5,176033788,2071.6,0.0001,UTC+8,"[0.0219, -0.0204, -0.0065, 0.5919, 0.7035, 1.1338]","[0.0247, 0.02, 0.0219]"
1735831581116,BTC_USDT,96505.1,0.0221,96505.1,96537.7,892737670,8538665186.54151,106191.4,86883.9,93729.6,97415.2,96490.8,96490.9,176073068,2095.2,0.0001,UTC+8,"[0.0221, -0.0201, -0.0062, 0.5923, 0.7039, 1.1343]","[0.025, 0.0203, 0.0221]"
1735831583119,BTC_USDT,96542.2,0.0225,96541.2,96573.9,892746254,8538748027.22636,106231.2,86916.5,93729.6,97415.2,96535.9,96536.0,176075684,2132.3,0.0001,UTC+8,"[0.0225, -0.0198, -0.0059, 0.5929, 0.7046, 1.1351]","[0.0254, 0.0207, 0.0225]"
1735831585116,BTC_USDT,96549.8,0.0226,96535.9,96561.3,892750736,8538791296.74146,106217.4,86905.1,93729.6,97415.2,96529.7,96529.8,176083708,2139.9,0.0001,UTC+8,"[0.0226, -0.0197, -0.0058, 0.593, 0.7047, 1.1353]","[0.0255, 0.0208, 0.0226]"
1735831588118,BTC_USDT,96551.9,0.0226,96551.8,96584.4,892768543,8538963219.30777,106242.8,86925.9,93729.6,97415.2,96551.8,96551.9,176110836,2142.0,0.0001,UTC+8,"[0.0226, -0.0197, -0.0058, 0.593, 0.7047, 1.1354]","[0.0255, 0.0208, 0.0226]"
1735831590119,BTC_USDT,96578.6,0.0229,96575.1,96607.8,892785551,8539127442.82836,106268.5,86947.0,93729.6,97415.2,96578.6,96578.7,176088480,2168.7,0.0001,UTC+8,"[0.0229, -0.0194, -0.0055, 0.5935, 0.7052, 1.1359]","[0.0258, 0.0211, 0.0229]"
1735831592118,BTC_USDT,96584.3,0.023,96596.0,96622.4,892832985,8539585594.80273,106284.6,86960.1,93729.6,97415.2,96584.2,96584.3,176111040,2174.4,0.0001,UTC+8,"[0.023, -0.0193, -0.0054, 0.5936, 0.7053, 1.1361]","[0.0258, 0.0211, 0.023]"
1735831594118,BTC_USDT,96563.6,0.0228,96601.1,96604.4,892848808,8539738442.31064,106264.8,86943.9,93729.6,97415.2,96555.3,96557.6,176115984,2153.7,0.0001,UTC+8,"[0.0228, -0.0195, -0.0056, 0.5932, 0.705, 1.1356]","[0.0256, 0.0209, 0.0228]"
1735831597119,BTC_USDT,96516.8,0.0223,96522.7,96545.3,892870488,8539947703.57571,106199.8,86890.7,93729.6,97415.2,96516.7,96516.8,176159644,2106.9,0.0001,UTC+8,"[0.0223, -0.02, -0.0061, 0.5925, 0.7041, 1.1346]","[0.0251, 0.0204, 0.0223]"
1735831599117,BTC_USDT,96512.4,0.0222,96513.1,96545.7,892878728,8540027233.85753,106200.2,86891.1,93729.6,97415.2,96512.3,96512.4,176168636,2102.5,0.0001,UTC+8,"[0.0222, -0.0201, -0.0062, 0.5924, 0.7041, 1.1345]","[0.0251, 0.0204, 0.0222]"
1735831601154,BTC_USDT,96534.1,0.0224,96536.0,96568.8,892915601,8540383183.98235,106225.6,86911.9,93729.6,97415.2,96546.9,96547.0,176312732,2124.2,0.0001,UTC+8,"[0.0224, -0.0198, -0.0059, 0.5928, 0.7044, 1.135]","[0.0253, 0.0206, 0.0224]"
1735831604123,BTC_USDT,96543.8,0.0226,96547.7,96580.1,892937426,8540593892.56454,106238.1,86922.0,93729.6,97415.2,96543.7,96543.8,176325728,2133.9,0.0001,UTC+8,"[0.0226, -0.0197, -0.0058, 0.5929, 0.7046, 1.1352]","[0.0254, 0.0207, 0.0226]"
1735831606119,BTC_USDT,96543.8,0.0226,96547.8,96580.2,892939461,8540613539.54942,106238.2,86922.1,93729.6,97415.2,96539.1,96539.2,176328940,2133.9,0.0001,UTC+8,"[0.0226, -0.0197, -0.0058, 0.5929, 0.7046, 1.1352]","[0.0254, 0.0207, 0.0226]"
1735831608115,BTC_USDT,96548.4,0.0226,96548.3,96580.2,892959631,8540808277.65621,106238.2,86922.1,93729.6,97415.2,96534.1,96534.2,176333360,2138.5,0.0001,UTC+8,"[0.0226, -0.0197, -0.0058, 0.593, 0.7047, 1.1353]","[0.0255, 0.0208, 0.0226]"
1735831610118,BTC_USDT,96525.0,0.0224,96530.6,96563.1,892961447,8540825807.61613,106219.4,86906.7,93729.6,97415.2,96522.0,96522.1,176337196,2115.1,0.0001,UTC+8,"[0.0224, -0.0199, -0.006, 0.5926, 0.7043, 1.1348]","[0.0252, 0.0205, 0.0224]"
1735831613120,BTC_USDT,96548.2,0.0226,96548.2,96582.6,892966741,8540876912.85214,106240.8,86924.3,93729.6,97415.2,96548.2,96548.3,176109536,2138.3,0.0001,UTC+8,"[0.0226, -0.0197, -0.0058, 0.593, 0.7047, 1.1353]","[0.0255, 0.0208, 0.0226]"
1735831615122,BTC_USDT,96550.9,0.0226,96553.8,96586.4,892971558,8540923420.62022,106245.0,86927.7,93729.6,97415.2,96550.9,96551.0,176123132,2141.0,0.0001,UTC+8,"[0.0226, -0.0197, -0.0058, 0.593, 0.7047, 1.1353]","[0.0255, 0.0208, 0.0226]"
1735831617123,BTC_USDT,96582.5,0.023,96574.0,96606.6,892973033,8540937663.3299,106267.2,86945.9,93729.6,97415.2,96582.4,96582.5,176133588,2172.6,0.0001,UTC+8,"[0.023, -0.0194, -0.0054, 0.5935, 0.7053, 1.136]","[0.0258, 0.0211, 0.023]"
1735831620126,BTC_USDT,96558.8,0.0227,96562.4,96594.9,892980869,8541013340.29118,106254.3,86935.4,93729.6,97415.2,96558.7,96558.8,176137468,2148.9,0.0001,UTC+8,"[0.0227, -0.0196, -0.0057, 0.5932, 0.7049, 1.1355]","[0.0256, 0.0209, 0.0227]"
1735831622118,BTC_USDT,96573.3,0.0229,96576.9,96609.4,892986888,8541071468.80367,106270.3,86948.4,93729.6,97415.2,96582.5,96582.6,176164800,2163.4,0.0001,UTC+8,"[0.0229, -0.0194, -0.0055, 0.5934, 0.7051, 1.1358]","[0.0257, 0.021, 0.0229]"
1735831624113,BTC_USDT,96599.4,0.0231,96597.0,96629.0,892997674,8541175643.34226,106291.9,86966.1,93729.6,97415.2,96594.0,96594.1,176169620,2189.5,0.0001,UTC+8,"[0.0231, -0.0192, -0.0053, 0.5938, 0.7056, 1.1364]","[0.026, 0.0213, 0.0231]"
1735831626126,BTC_USDT,96605.2,0.0232,96599.4,96631.0,893005434,8541250610.62491,106294.1,86967.9,93729.6,97415.2,96605.2,96605.3,176172936,2195.3,0.0001,UTC+8,"[0.0232, -0.0191, -0.0052, 0.5939, 0.7057, 1.1365]","[0.0261, 0.0214, 0.0232]"
1735831629124,BTC_USDT,96606.9,0.0232,96609.2,96641.9,893015514,8541347986.29032,106306.0,86977.7,93729.6,97415.2,96610.9,96611.0,176181864,2197.0,0.0001,UTC+8,"[0.0232, -0.0191, -0.0052, 0.594, 0.7057, 1.1366]","[0.0261, 0.0214, 0.0232]"
1735831631125,BTC_USDT,96600.0,0.0231,96608.9,96636.1,893103161,8542194687.30429,106299.7,86972.4,93729.6,97415.2,96600.0,96600.1,176286476,2190.1,0.0001,UTC+8,"[0.0231, -0.0192, -0.0053, 0.5938, 0.7056, 1.1364]","[0.026, 0.0213, 0.0231]"
1735831633119,BTC_USDT,96561.7,0.0227,96569.0,96598.7,893122180,8542378360.4297,106258.5,86938.8,93729.6,97415.2,96568.3,96568.4,176318288,2151.8,0.0001,UTC+8,"[0.0227, -0.0196, -0.0057, 0.5932, 0.7049, 1.1356]","[0.0256, 0.0209, 0.0227]"
1735831635117,BTC_USDT,96600.0,0.0231,96588.2,96627.6,893130887,8542462444.44517,106290.3,86964.8,93729.6,97415.2,96601.1,96601.2,176193440,2190.1,0.0001,UTC+8,"[0.0231, -0.0192, -0.0053, 0.5938, 0.7056, 1.1364]","[0.026, 0.0213, 0.0231]"
1735831638120,BTC_USDT,96599.9,0.0231,96599.3,96629.5,893158014,8542724488.32263,106292.4,86966.5,93729.6,97415.2,96599.9,96600.0,176216536,2190.0,0.0001,UTC+8,"[0.0231, -0.0192, -0.0053, 0.5938, 0.7056, 1.1364]","[0.026, 0.0213, 0.0231]"
1735831640127,BTC_USDT,96601.9,0.0232,96601.8,96628.1,893166262,8542804163.02189,106290.9,86965.2,93729.6,97415.2,96601.8,96601.9,176225152,2192.0,0.0001,UTC+8,"[0.0232, -0.0192, -0.0052, 0.5939, 0.7056, 1.1365]","[0.026, 0.0213, 0.0232]"
1735831642119,BTC_USDT,96563.6,0.0228,96593.9,96591.4,893180043,8542937239.78311,106250.5,86932.2,93729.6,97415.2,96568.3,96568.4,176279992,2153.7,0.0001,UTC+8,"[0.0228, -0.0195, -0.0056, 0.5932, 0.705, 1.1356]","[0.0256, 0.0209, 0.0228]"
1735831645113,BTC_USDT,96557.6,0.0227,96561.1,96593.6,893207979,8543207002.97062,106252.9,86934.2,93729.6,97415.2,96557.6,96557.7,176300172,2147.7,0.0001,UTC+8,"[0.0227, -0.0196, -0.0057, 0.5931, 0.7048, 1.1355]","[0.0256, 0.0208, 0.0227]"
1735831647110,BTC_USDT,96567.3,0.0228,96563.7,96596.3,893214355,8543268571.15046,106255.9,86936.6,93729.6,97415.2,96567.3,96567.4,176303228,2157.4,0.0001,UTC+8,"[0.0228, -0.0195, -0.0056, 0.5933, 0.705, 1.1357]","[0.0257, 0.021, 0.0228]"
1735831649118,BTC_USDT,96558.1,0.0227,96567.4,96600.0,893222806,8543350177.36796,106260.0,86940.0,93729.6,97415.2,96558.1,96558.2,176313700,2148.2,0.0001,UTC+8,"[0.0227, -0.0196, -0.0057, 0.5931, 0.7049, 1.1355]","[0.0256, 0.0209, 0.0227]"
1735831651119,BTC_USDT,96492.3,0.022,96525.4,96557.8,893230256,8543422086.25408,106213.5,86902.0,93729.6,97415.2,96495.1,96495.2,176324492,2082.4,0.0001,UTC+8,"[0.022, -0.0203, -0.0064, 0.5921, 0.7037, 1.134]","[0.0249, 0.0202, 0.022]"
1735831654118,BTC_USDT,96495.9,0.022,96498.8,96531.4,893263148,8543739477.64697,106184.5,86878.2,93729.6,97415.2,96495.9,96496.0,176322632,2086.0,0.0001,UTC+8,"[0.022, -0.0202, -0.0063, 0.5921, 0.7038, 1.1341]","[0.0249, 0.0202, 0.022]"
1735831656123,BTC_USDT,96483.5,0.0219,96486.5,96519.0,893289170,8543990562.28398,106170.9,86867.1,93729.6,97415.2,96483.5,96483.6,176332796,2073.6,0.0001,UTC+8,"[0.0219, -0.0204, -0.0065, 0.5919, 0.7035, 1.1338]","[0.0248, 0.0201, 0.0219]"
1735831658116,BTC_USDT,96514.6,0.0222,96505.8,96538.6,893296174,8544058153.21311,106192.4,86884.7,93729.6,97415.2,96520.0,96520.1,176351740,2104.7,0.0001,UTC+8,"[0.0222, -0.02, -0.0061, 0.5924, 0.7041, 1.1345]","[0.0251, 0.0204, 0.0222]"
1735831660120,BTC_USDT,96539.3,0.0225,96524.9,96556.1,893322944,8544316562.37382,106211.7,86900.4,93729.6,97415.2,96534.7,96534.8,176389564,2129.4,0.0001,UTC+8,"[0.0225, -0.0198, -0.0059, 0.5928, 0.7045, 1.1351]","[0.0254, 0.0207, 0.0225]"
1735831663119,BTC_USDT,96555.0,0.0227,96555.0,96579.6,893328910,8544374165.61077,106237.5,86921.6,93729.6,97415.2,96555.0,96555.1,176406336,2145.1,0.0001,UTC+8,"[0.0227, -0.0196, -0.0057, 0.5931, 0.7048, 1.1354]","[0.0255, 0.0208, 0.0227]"
1735831665106,BTC_USDT,96551.8,0.0226,96555.1,96586.1,893334061,8544423901.12573,106244.7,86927.4,93729.6,97415.2,96538.3,96538.4,176406756,2141.9,0.0001,UTC+8,"[0.0226, -0.0197, -0.0058, 0.593, 0.7047, 1.1353]","[0.0255, 0.0208, 0.0226]"
1735831667110,BTC_USDT,96555.1,0.0227,96544.3,96576.9,893348417,8544562491.99357,106234.5,86919.2,93729.6,97415.2,96555.0,96555.1,176410368,2145.2,0.0001,UTC+8,"[0.0227, -0.0196, -0.0057, 0.5931, 0.7048, 1.1354]","[0.0255, 0.0208, 0.0227]"
1735831670114,BTC_USDT,96567.1,0.0228,96571.6,96599.5,893384085,8544906909.64743,106259.4,86939.5,93729.6,97415.2,96560.6,96560.7,176485300,2157.2,0.0001,UTC+8,"[0.0228, -0.0195, -0.0056, 0.5933, 0.705, 1.1357]","[0.0257, 0.021, 0.0228]"
1735831672106,BTC_USDT,96584.9,0.023,96567.2,96599.8,893388623,8544950729.27867,106259.7,86939.8,93729.6,97415.2,96584.8,96584.9,176490916,2175.0,0.0001,UTC+8,"[0.023, -0.0193, -0.0054, 0.5936, 0.7053, 1.1361]","[0.0258, 0.0211, 0.023]"
1735831674110,BTC_USDT,96558.8,0.0227,96584.3,96594.5,893400028,8545060855.81797,106253.9,86935.0,93729.6,97415.2,96563.5,96563.6,176234512,2148.9,0.0001,UTC+8,"[0.0227, -0.0196, -0.0057, 0.5932, 0.7049, 1.1355]","[0.0256, 0.0209, 0.0227]"
1735831676111,BTC_USDT,96585.7,0.023,96586.6,96619.3,893405124,8545110075.47212,106281.2,86957.3,93729.6,97415.2,96585.7,96585.8,176234876,2175.8,0.0001,UTC+8,"[0.023, -0.0193, -0.0054, 0.5936, 0.7053, 1.1361]","[0.0259, 0.0211, 0.023]"
1735831679118,BTC_USDT,96593.1,0.0231,96593.1,96625.6,893423072,8545283444.81611,106288.1,86963.0,93729.6,97415.2,96586.8,96586.9,176240580,2183.2,0.0001,UTC+8,"[0.0231, -0.0192, -0.0053, 0.5937, 0.7055, 1.1363]","[0.0259, 0.0212, 0.0231]"
1735831681115,BTC_USDT,96586.0,0.023,96586.0,96618.2,893423556,8545288119.59459,106280.0,86956.3,93729.6,97415.2,96573.2,96573.3,176251512,2176.1,0.0001,UTC+8,"[0.023, -0.0193, -0.0054, 0.5936, 0.7053, 1.1361]","[0.0259, 0.0211, 0.023]"
1735831683114,BTC_USDT,96558.9,0.0227,96586.0,96595.0,893432848,8545377850.43076,106254.5,86935.5,93729.6,97415.2,96551.7,96557.7,176259472,2149.0,0.0001,UTC+8,"[0.0227, -0.0196, -0.0057, 0.5932, 0.7049, 1.1355]","[0.0256, 0.0209, 0.0227]"
1735831685105,BTC_USDT,96540.8,0.0225,96544.7,96577.6,893443677,8545482397.78926,106235.3,86919.8,93729.6,97415.2,96534.8,96534.9,176260476,2130.9,0.0001,UTC+8,"[0.0225, -0.0198, -0.0059, 0.5929, 0.7046, 1.1351]","[0.0254, 0.0207, 0.0225]"
1735831688116,BTC_USDT,96534.8,0.0225,96536.1,96569.0,893455253,8545594146.51556,106225.9,86912.1,93729.6,97415.2,96520.1,96520.2,176285840,2124.9,0.0001,UTC+8,"[0.0225, -0.0198, -0.0059, 0.5928, 0.7044, 1.135]","[0.0253, 0.0206, 0.0225]"
1735831690119,BTC_USDT,96524.4,0.0223,96528.6,96561.9,893462899,8545667947.09239,106218.0,86905.7,93729.6,97415.2,96538.7,96547.4,176294648,2114.5,0.0001,UTC+8,"[0.0223, -0.0199, -0.006, 0.5926, 0.7043, 1.1347]","[0.0252, 0.0205, 0.0223]"
1735831692113,BTC_USDT,96561.7,0.0227,96553.6,96582.9,893471841,8545754281.86791,106241.1,86924.6,93729.6,97415.2,96561.7,96561.8,176308568,2151.8,0.0001,UTC+8,"[0.0227, -0.0196, -0.0057, 0.5932, 0.7049, 1.1356]","[0.0256, 0.0209, 0.0227]"
1735831695113,BTC_USDT,96552.1,0.0226,96549.9,96582.9,893514136,8546162620.2714,106241.1,86924.6,93729.6,97415.2,96552.0,96552.1,176418292,2142.2,0.0001,UTC+8,"[0.0226, -0.0197, -0.0058, 0.593, 0.7048, 1.1354]","[0.0255, 0.0208, 0.0226]"
1735831697124,BTC_USDT,96552.0,0.0226,96552.1,96583.0,893517317,8546193333.46927,106241.3,86924.7,93729.6,97415.2,96552.0,96552.1,176421204,2142.1,0.0001,UTC+8,"[0.0226, -0.0197, -0.0058, 0.593, 0.7047, 1.1354]","[0.0255, 0.0208, 0.0226]"
1735831699123,BTC_USDT,96568.4,0.0228,96575.0,96598.1,893518471,8546204476.10175,106257.9,86938.2,93729.6,97415.2,96574.9,96575.0,176191732,2158.5,0.0001,UTC+8,"[0.0228, -0.0195, -0.0056, 0.5933, 0.705, 1.1357]","[0.0257, 0.021, 0.0228]"
1735831701111,BTC_USDT,96571.2,0.0228,96582.4,96615.2,893537303,8546386362.69525,106276.7,86953.6,93729.6,97415.2,96568.5,96568.6,176209932,2161.3,0.0001,UTC+8,"[0.0228, -0.0195, -0.0056, 0.5934, 0.7051, 1.1358]","[0.0257, 0.021, 0.0228]"
1735831704125,BTC_USDT,96590.7,0.023,96589.7,96616.5,893561849,8546623454.94367,106278.1,86954.8,93729.6,97415.2,96599.9,96600.0,176224872,2180.8,0.0001,UTC+8,"[0.023, -0.0193, -0.0054, 0.5937, 0.7054, 1.1362]","[0.0259, 0.0212, 0.023]"
1735831706123,BTC_USDT,96603.8,0.0232,96603.1,96636.2,893591885,8546913611.20608,106299.8,86972.5,93729.6,97415.2,96603.7,96603.8,176225688,2193.9,0.0001,UTC+8,"[0.0232, -0.0191, -0.0052, 0.5939, 0.7057, 1.1365]","[0.026, 0.0213, 0.0232]"
1735831708126,BTC_USDT,96589.3,0.023,96603.7,96636.0,893616819,8547154476.96815,106299.6,86972.4,93729.6,97415.2,96597.3,96597.4,176261228,2179.4,0.0001,UTC+8,"[0.023, -0.0193, -0.0054, 0.5937, 0.7054, 1.1362]","[0.0259, 0.0212, 0.023]"
1735831711122,BTC_USDT,96571.4,0.0228,96578.1,96606.0,893628700,8547269222.84041,106266.6,86945.4,93729.6,97415.2,96559.6,96559.7,176265192,2161.5,0.0001,UTC+8,"[0.0228, -0.0195, -0.0056, 0.5934, 0.7051, 1.1358]","[0.0257, 0.021, 0.0228]"
1735831713120,BTC_USDT,96520.0,0.0223,96534.9,96566.1,893635802,8547337782.40564,106222.7,86909.4,93729.6,97415.2,96503.6,96503.7,176267992,2110.1,0.0001,UTC+8,"[0.0223, -0.02, -0.0061, 0.5925, 0.7042, 1.1346]","[0.0252, 0.0205, 0.0223]"
1735831715121,BTC_USDT,96520.8,0.0223,96525.0,96550.4,893636773,8547347154.00744,106205.4,86895.3,93729.6,97415.2,96524.4,96524.5,176270368,2110.9,0.0001,UTC+8,"[0.0223, -0.02, -0.0061, 0.5925, 0.7042, 1.1347]","[0.0252, 0.0205, 0.0223]"
1735831717118,BTC_USDT,96502.9,0.0221,96520.7,96547.0,893647147,8547447277.10673,106201.7,86892.3,93729.6,97415.2,96502.9,96503.0,176144280,2093.0,0.0001,UTC+8,"[0.0221, -0.0202, -0.0063, 0.5922, 0.7039, 1.1343]","[0.025, 0.0203, 0.0221]"
1735831720113,BTC_USDT,96503.1,0.0221,96500.8,96534.1,893653982,8547513235.82125,106187.5,86880.6,93729.6,97415.2,96503.0,96503.1,176156400,2093.2,0.0001,UTC+8,"[0.0221, -0.0202, -0.0063, 0.5922, 0.7039, 1.1343]","[0.025, 0.0203, 0.0221]"
1735831722120,BTC_USDT,96503.1,0.0221,96506.2,96539.5,893658181,8547553757.50823,106193.4,86885.5,93729.6,97415.2,96500.0,96500.1,176167624,2093.2,0.0001,UTC+8,"[0.0221, -0.0202, -0.0063, 0.5922, 0.7039, 1.1343]","[0.025, 0.0203, 0.0221]"
1735831724147,BTC_USDT,96487.6,0.022,96487.6,96517.0,893670431,8547671954.18992,106168.7,86865.3,93729.6,97415.2,96487.6,96487.7,176168640,2077.7,0.0001,UTC+8,"[0.022, -0.0203, -0.0064, 0.592, 0.7036, 1.1339]","[0.0248, 0.0201, 0.022]"
1735831726120,BTC_USDT,96505.2,0.0221,96507.0,96540.2,893687755,8547839139.5034,106194.2,86886.1,93729.6,97415.2,96505.1,96505.2,176216708,2095.3,0.0001,UTC+8,"[0.0221, -0.0201, -0.0062, 0.5923, 0.7039, 1.1343]","[0.025, 0.0203, 0.0221]"
1735831729119,BTC_USDT,96505.1,0.0221,96507.1,96540.3,893695054,8547909578.60975,106194.3,86886.2,93729.6,97415.2,96500.0,96500.1,176159508,2095.2,0.0001,UTC+8,"[0.0221, -0.0201, -0.0062, 0.5923, 0.7039, 1.1343]","[0.025, 0.0203, 0.0221]"
1735831731139,BTC_USDT,96500.1,0.0221,96500.0,96532.7,893700074,8547958021.66394,106185.9,86879.4,93729.6,97415.2,96500.0,96500.1,176159984,2090.2,0.0001,UTC+8,"[0.0221, -0.0202, -0.0063, 0.5922, 0.7038, 1.1342]","[0.0249, 0.0202, 0.0221]"
1735831733119,BTC_USDT,96505.1,0.0221,96505.2,96535.2,893703736,8547993361.2197,106188.7,86881.6,93729.6,97415.2,96513.9,96514.0,176160988,2095.2,0.0001,UTC+8,"[0.0221, -0.0201, -0.0062, 0.5923, 0.7039, 1.1343]","[0.025, 0.0203, 0.0221]"
1735831736117,BTC_USDT,96513.8,0.0222,96514.2,96547.5,893720875,8548158797.36843,106202.2,86892.7,93729.6,97415.2,96520.0,96520.1,176175360,2103.9,0.0001,UTC+8,"[0.0222, -0.02, -0.0061, 0.5924, 0.7041, 1.1345]","[0.0251, 0.0204, 0.0222]"
1735831738116,BTC_USDT,96540.7,0.0225,96532.9,96566.2,893721010,8548160100.64471,106222.8,86909.5,93729.6,97415.2,96540.6,96540.7,176175892,2130.8,0.0001,UTC+8,"[0.0225, -0.0198, -0.0059, 0.5929, 0.7045, 1.1351]","[0.0254, 0.0207, 0.0225]"
1735831740121,BTC_USDT,96530.0,0.0224,96540.7,96563.7,893722671,8548176135.43854,106220.0,86907.3,93729.6,97415.2,96530.0,96530.1,176175980,2120.1,0.0001,UTC+8,"[0.0224, -0.0199, -0.006, 0.5927, 0.7044, 1.1349]","[0.0253, 0.0206, 0.0224]"
1735831742111,BTC_USDT,96540.5,0.0225,96540.4,96571.5,893724736,8548196069.31611,106228.6,86914.3,93729.6,97415.2,96537.4,96537.5,176176192,2130.6,0.0001,UTC+8,"[0.0225, -0.0198, -0.0059, 0.5929, 0.7045, 1.1351]","[0.0254, 0.0207, 0.0225]"
1735831745113,BTC_USDT,96563.7,0.0228,96562.2,96595.4,893725767,8548206025.11676,106254.9,86935.8,93729.6,97415.2,96557.9,96558.0,176176252,2153.8,0.0001,UTC+8,"[0.0228, -0.0195, -0.0056, 0.5932, 0.705, 1.1356]","[0.0256, 0.0209, 0.0228]"
1735831747119,BTC_USDT,96563.6,0.0228,96562.3,96595.5,893729129,8548238489.72156,106255.0,86935.9,93729.6,97415.2,96563.5,96563.6,176176252,2153.7,0.0001,UTC+8,"[0.0228, -0.0195, -0.0056, 0.5932, 0.705, 1.1356]","[0.0256, 0.0209, 0.0228]"
1735831749106,BTC_USDT,96573.3,0.0229,96575.0,96600.1,893732576,8548271776.41469,106260.1,86940.0,93729.6,97415.2,96568.3,96572.1,176181556,2163.4,0.0001,UTC+8,"[0.0229, -0.0194, -0.0055, 0.5934, 0.7051, 1.1358]","[0.0257, 0.021, 0.0229]"
1735831751107,BTC_USDT,96581.1,0.0229,96602.1,96634.5,893736697,8548311584.53337,106297.9,86971.0,93729.6,97415.2,96581.1,96584.3,176188184,2171.2,0.0001,UTC+8,"[0.0229, -0.0194, -0.0055, 0.5935, 0.7053, 1.136]","[0.0258, 0.0211, 0.0229]"
1735831754153,BTC_USDT,96592.4,0.0231,96587.6,96620.9,893753634,8548475174.67423,106282.9,86958.8,93729.6,97415.2,96592.4,96592.5,176118872,2182.5,0.0001,UTC+8,"[0.0231, -0.0192, -0.0053, 0.5937, 0.7055, 1.1362]","[0.0259, 0.0212, 0.0231]"
1735831756108,BTC_USDT,96592.5,0.0231,96592.5,96625.0,893759690,8548533670.9682,106287.5,86962.5,93729.6,97415.2,96592.4,96592.5,176122876,2182.6,0.0001,UTC+8,"[0.0231, -0.0192, -0.0053, 0.5937, 0.7055, 1.1362]","[0.0259, 0.0212, 0.0231]"
1735831758112,BTC_USDT,96583.9,0.023,96586.5,96616.6,893766037,8548594974.48856,106278.2,86954.9,93729.6,97415.2,96573.5,96573.6,176123016,2174.0,0.0001,UTC+8,"[0.023, -0.0193, -0.0054, 0.5936, 0.7053, 1.1361]","[0.0258, 0.0211, 0.023]"
1735831761119,BTC_USDT,96596.0,0.0231,96592.5,96625.1,893774673,8548678387.12797,106287.6,86962.5,93729.6,97415.2,96599.0,96599.1,176130688,2186.1,0.0001,UTC+8,"[0.0231, -0.0192, -0.0053, 0.5938, 0.7055, 1.1363]","[0.026, 0.0213, 0.0231]"
1735831763115,BTC_USDT,96610.0,0.0233,96602.1,96635.4,893848993,8549396361.7026,106298.9,86971.8,93729.6,97415.2,96609.9,96610.0,176191396,2200.1,0.0001,UTC+8,"[0.0233, -0.0191, -0.0052, 0.594, 0.7058, 1.1366]","[0.0261, 0.0214, 0.0233]"
1735831765105,BTC_USDT,96616.5,0.0233,96616.4,96641.0,893855696,8549461120.70892,106305.1,86976.9,93729.6,97415.2,96618.3,96618.4,176198644,2206.6,0.0001,UTC+8,"[0.0233, -0.019, -0.0051, 0.5941, 0.7059, 1.1368]","[0.0262, 0.0215, 0.0233]"
1735831767120,BTC_USDT,96629.8,0.0235,96627.1,96652.2,893861378,8549516023.27824,106317.4,86986.9,93729.6,97415.2,96629.8,96629.9,176204492,2219.9,0.0001,UTC+8,"[0.0235, -0.0189, -0.005, 0.5943, 0.7061, 1.1371]","[0.0263, 0.0216, 0.0235]"
1735831770113,BTC_USDT,96627.3,0.0234,96627.1,96654.2,893894909,8549840013.49562,106319.6,86988.7,93729.6,97415.2,96622.5,96622.6,176166896,2217.4,0.0001,UTC+8,"[0.0234, -0.0189, -0.005, 0.5943, 0.7061, 1.137]","[0.0263, 0.0216, 0.0234]"
1735831772120,BTC_USDT,96630.0,0.0235,96630.0,96663.0,893898309,8549872865.60488,106329.3,86996.7,93729.6,97415.2,96622.2,96622.3,176168408,2220.1,0.0001,UTC+8,"[0.0235, -0.0189, -0.0049, 0.5943, 0.7061, 1.1371]","[0.0263, 0.0216, 0.0235]"
1735831774135,BTC_USDT,96624.6,0.0234,96626.6,96659.5,893905812,8549945363.58289,106325.4,86993.5,93729.6,97415.2,96627.9,96628.0,176171848,2214.7,0.0001,UTC+8,"[0.0234, -0.0189, -0.005, 0.5942, 0.706, 1.137]","[0.0263, 0.0216, 0.0234]"
1735831776122,BTC_USDT,96635.5,0.0235,96632.0,96664.9,893917327,8550056633.51281,106331.3,86998.4,93729.6,97415.2,96635.4,96635.5,176183340,2225.6,0.0001,UTC+8,"[0.0235, -0.0188, -0.0049, 0.5944, 0.7062, 1.1372]","[0.0264, 0.0217, 0.0235]"
1735831779113,BTC_USDT,96644.8,0.0236,96644.8,96672.8,893923882,8550119979.14296,106340.0,87005.5,93729.6,97415.2,96632.2,96632.3,176187360,2234.9,0.0001,UTC+8,"[0.0236, -0.0187, -0.0048, 0.5946, 0.7064, 1.1374]","[0.0265, 0.0218, 0.0236]"
1735831781122,BTC_USDT,96620.0,0.0234,96621.2,96654.0,893936875,8550245529.40148,106319.4,86988.6,93729.6,97415.2,96619.9,96620.0,176191696,2210.1,0.0001,UTC+8,"[0.0234, -0.019, -0.0051, 0.5942, 0.706, 1.1369]","[0.0262, 0.0215, 0.0234]"
1735831783122,BTC_USDT,96635.9,0.0235,96635.8,96667.0,893951084,8550382832.20645,106333.7,87000.3,93729.6,97415.2,96635.8,96637.8,176230192,2226.0,0.0001,UTC+8,"[0.0235, -0.0188, -0.0049, 0.5944, 0.7062, 1.1372]","[0.0264, 0.0217, 0.0235]"
1735831785150,BTC_USDT,96639.7,0.0236,96634.2,96667.0,893995143,8550808611.45756,106333.7,87000.3,93729.6,97415.2,96639.7,96639.8,176349120,2229.8,0.0001,UTC+8,"[0.0236, -0.0188, -0.0048, 0.5945, 0.7063, 1.1373]","[0.0264, 0.0217, 0.0236]"
1735831788122,BTC_USDT,96643.0,0.0236,96639.8,96667.4,894006167,8550915147.80425,106334.1,87000.6,93729.6,97415.2,96642.9,96643.0,176362332,2233.1,0.0001,UTC+8,"[0.0236, -0.0187, -0.0048, 0.5945, 0.7064, 1.1374]","[0.0265, 0.0218, 0.0236]"
1735831790123,BTC_USDT,96633.1,0.0235,96633.9,96666.7,894041436,8551255965.38751,106333.3,87000.0,93729.6,97415.2,96633.0,96633.1,176478772,2223.2,0.0001,UTC+8,"[0.0235, -0.0188, -0.0049, 0.5944, 0.7062, 1.1371]","[0.0264, 0.0216, 0.0235]"
1735831792118,BTC_USDT,96639.9,0.0236,96634.4,96667.2,894057142,8551407737.7654,106333.9,87000.4,93729.6,97415.2,96633.0,96633.1,176483976,2230.0,0.0001,UTC+8,"[0.0236, -0.0188, -0.0048, 0.5945, 0.7063, 1.1373]","[0.0264, 0.0217, 0.0236]"
1735831795122,BTC_USDT,96650.1,0.0237,96650.0,96673.3,894090645,8551731542.702,106340.6,87005.9,93729.6,97415.2,96650.0,96650.1,176513860,2240.2,0.0001,UTC+8,"[0.0237, -0.0187, -0.0047, 0.5947, 0.7065, 1.1375]","[0.0265, 0.0218, 0.0237]"
1735831797120,BTC_USDT,96645.4,0.0236,96650.0,96673.1,894094569,8551769466.43861,106340.4,87005.7,93729.6,97415.2,96645.4,96645.5,176177152,2235.5,0.0001,UTC+8,"[0.0236, -0.0187, -0.0048, 0.5946, 0.7064, 1.1374]","[0.0265, 0.0218, 0.0236]"
1735831799120,BTC_USDT,96646.4,0.0236,96645.5,96678.0,894099638,8551818455.11996,106345.8,87010.2,93729.6,97415.2,96646.4,96646.5,176181728,2236.5,0.0001,UTC+8,"[0.0236, -0.0187, -0.0048, 0.5946, 0.7064, 1.1374]","[0.0265, 0.0218, 0.0236]"
1735831801128,BTC_USDT,96600.0,0.0231,96625.0,96623.8,894111397,8551932059.72201,106286.1,86961.4,93729.6,97415.2,96600.0,96600.1,176228048,2190.1,0.0001,UTC+8,"[0.0231, -0.0192, -0.0053, 0.5938, 0.7056, 1.1364]","[0.026, 0.0213, 0.0231]"
1735831804092,BTC_USDT,96605.8,0.0232,96602.2,96629.3,894137576,8552184963.49381,106292.2,86966.3,93729.6,97415.2,96605.7,96605.8,176276088,2195.9,0.0001,UTC+8,"[0.0232, -0.0191, -0.0052, 0.5939, 0.7057, 1.1365]","[0.0261, 0.0214, 0.0232]"
1735831806114,BTC_USDT,96607.0,0.0232,96598.7,96629.4,894151565,8552320102.84398,106292.3,86966.4,93729.6,97415.2,96607.2,96607.3,176278736,2197.1,0.0001,UTC+8,"[0.0232, -0.0191, -0.0052, 0.594, 0.7057, 1.1366]","[0.0261, 0.0214, 0.0232]"
1735831808119,BTC_USDT,96603.6,0.0232,96597.4,96629.6,894154290,8552346425.59287,106292.5,86966.6,93729.6,97415.2,96603.6,96603.7,176282264,2193.7,0.0001,UTC+8,"[0.0232, -0.0191, -0.0052, 0.5939, 0.7057, 1.1365]","[0.026, 0.0213, 0.0232]"
1735831811116,BTC_USDT,96608.2,0.0232,96608.0,96640.3,894204287,8552829376.71424,106304.3,86976.2,93729.6,97415.2,96608.1,96608.2,176412176,2198.3,0.0001,UTC+8,"[0.0232, -0.0191, -0.0052, 0.594, 0.7057, 1.1366]","[0.0261, 0.0214, 0.0232]"
1735831813117,BTC_USDT,96596.4,0.0231,96596.4,96627.7,894217750,8552959423.77379,106290.4,86964.9,93729.6,97415.2,96596.4,96596.5,176424720,2186.5,0.0001,UTC+8,"[0.0231, -0.0192, -0.0053, 0.5938, 0.7055, 1.1363]","[0.026, 0.0213, 0.0231]"
1735831815111,BTC_USDT,96621.8,0.0234,96621.7,96644.5,894278977,8553551007.62145,106308.9,86980.0,93729.6,97415.2,96610.4,96610.5,176056460,2211.9,0.0001,UTC+8,"[0.0234, -0.019, -0.005, 0.5942, 0.706, 1.1369]","[0.0262, 0.0215, 0.0234]"
1735831817114,BTC_USDT,96610.3,0.0233,96616.7,96644.2,894288142,8553639557.56149,106308.6,86979.7,93729.6,97415.2,96610.3,96610.4,176069596,2200.4,0.0001,UTC+8,"[0.0233, -0.0191, -0.0052, 0.594, 0.7058, 1.1366]","[0.0261, 0.0214, 0.0233]"
1735831820104,BTC_USDT,96644.0,0.0236,96625.0,96665.7,894294571,8553701674.48307,106332.2,86999.1,93729.6,97415.2,96643.9,96644.0,176076640,2234.1,0.0001,UTC+8,"[0.0236, -0.0187, -0.0048, 0.5946, 0.7064, 1.1374]","[0.0265, 0.0218, 0.0236]"
1735831822114,BTC_USDT,96649.0,0.0237,96656.2,96682.7,894350260,8554239898.61074,106350.9,87014.4,93729.6,97415.2,96656.1,96656.2,176090308,2239.1,0.0001,UTC+8,"[0.0237, -0.0187, -0.0048, 0.5946, 0.7065, 1.1375]","[0.0265, 0.0218, 0.0237]"
1735831824118,BTC_USDT,96640.0,0.0236,96630.5,96657.2,894400267,8554723137.73623,106322.9,86991.4,93729.6,97415.2,96640.0,96640.1,176093244,2230.1,0.0001,UTC+8,"[0.0236, -0.0188, -0.0048, 0.5945, 0.7063, 1.1373]","[0.0264, 0.0217, 0.0236]"
1735831826113,BTC_USDT,96650.5,0.0237,96645.2,96677.3,894459599,8555296523.95483,106345.0,87009.5,93729.6,97415.2,96642.9,96643.0,176260040,2240.6,0.0001,UTC+8,"[0.0237, -0.0187, -0.0047, 0.5947, 0.7065, 1.1375]","[0.0265, 0.0218, 0.0237]"
1735831829118,BTC_USDT,96643.1,0.0236,96640.4,96672.6,894491222,8555602133.71669,106339.8,87005.3,93729.6,97415.2,96643.0,96643.1,176290852,2233.2,0.0001,UTC+8,"[0.0236, -0.0187, -0.0048, 0.5945, 0.7064, 1.1374]","[0.0265, 0.0218, 0.0236]"
1735831831121,BTC_USDT,96630.6,0.0235,96639.8,96654.9,894504484,8555730300.86783,106320.3,86989.4,93729.6,97415.2,96615.2,96615.3,176319848,2220.7,0.0001,UTC+8,"[0.0235, -0.0189, -0.0049, 0.5943, 0.7061, 1.1371]","[0.0263, 0.0216, 0.0235]"
1735831833118,BTC_USDT,96650.0,0.0237,96618.0,96668.0,894511767,8555800673.75734,106334.8,87001.2,93729.6,97415.2,96650.3,96650.4,176158332,2240.1,0.0001,UTC+8,"[0.0237, -0.0187, -0.0047, 0.5947, 0.7065, 1.1375]","[0.0265, 0.0218, 0.0237]"
1735831836118,BTC_USDT,96692.2,0.0241,96684.1,96716.4,894541196,8556085196.30371,106388.0,87044.7,93729.6,97415.2,96692.1,96692.2,176189564,2282.3,0.0001,UTC+8,"[0.0241, -0.0182, -0.0043, 0.5954, 0.7072, 1.1385]","[0.027, 0.0223, 0.0241]"
1735831838122,BTC_USDT,96679.6,0.024,96693.7,96726.0,894545384,8556125690.94548,106398.6,87053.4,93729.6,97415.2,96684.1,96685.8,176194704,2269.7,0.0001,UTC+8,"[0.024, -0.0184, -0.0044, 0.5952, 0.707, 1.1382]","[0.0268, 0.0221, 0.024]"
1735831840114,BTC_USDT,96712.4,0.0243,96684.3,96715.9,894681425,8557441260.9305,106387.4,87044.3,93729.6,97415.2,96712.4,96712.5,176209152,2302.5,0.0001,UTC+8,"[0.0243, -0.018, -0.0041, 0.5957, 0.7076, 1.1389]","[0.0272, 0.0225, 0.0243]"
1735831842124,BTC_USDT,96692.0,0.0241,96702.8,96729.2,894733333,8557943220.98445,106402.1,87056.2,93729.6,97415.2,96691.9,96692.0,176213924,2282.1,0.0001,UTC+8,"[0.0241, -0.0182, -0.0043, 0.5954, 0.7072, 1.1384]","[0.027, 0.0223, 0.0241]"
1735831845111,BTC_USDT,96631.3,0.0235,96649.9,96682.3,894756555,8558167654.78118,106350.5,87014.0,93729.6,97415.2,96631.3,96631.4,176222364,2221.4,0.0001,UTC+8,"[0.0235, -0.0189, -0.0049, 0.5944, 0.7061, 1.1371]","[0.0263, 0.0216, 0.0235]"
1735831847125,BTC_USDT,96626.7,0.0234,96614.5,96647.0,894760578,8558206525.58121,106311.7,86982.3,93729.6,97415.2,96626.7,96626.8,176223252,2216.8,0.0001,UTC+8,"[0.0234, -0.0189, -0.005, 0.5943, 0.7061, 1.137]","[0.0263, 0.0216, 0.0234]"
1735831849122,BTC_USDT,96580.2,0.0229,96605.7,96638.1,894770032,8558297853.23472,106301.9,86974.2,93729.6,97415.2,96580.2,96580.3,176252436,2170.3,0.0001,UTC+8,"[0.0229, -0.0194, -0.0055, 0.5935, 0.7052, 1.136]","[0.0258, 0.0211, 0.0229]"
1735831852123,BTC_USDT,96540.5,0.0225,96540.4,96571.5,894796154,8558550073.51206,106228.6,86914.3,93729.6,97415.2,96540.4,96540.5,175740420,2130.6,0.0001,UTC+8,"[0.0225, -0.0198, -0.0059, 0.5929, 0.7045, 1.1351]","[0.0254, 0.0207, 0.0225]"
1735831854119,BTC_USDT,96548.7,0.0226,96548.7,96581.3,894850570,8559075444.06007,106239.4,86923.1,93729.6,97415.2,96553.5,96553.6,175750548,2138.8,0.0001,UTC+8,"[0.0226, -0.0197, -0.0058, 0.593, 0.7047, 1.1353]","[0.0255, 0.0208, 0.0226]"
1735831856112,BTC_USDT,96528.8,0.0224,96536.3,96568.9,894911361,8559662278.73996,106225.7,86912.0,93729.6,97415.2,96543.5,96543.6,175762088,2118.9,0.0001,UTC+8,"[0.0224, -0.0199, -0.006, 0.5927, 0.7043, 1.1348]","[0.0252, 0.0205, 0.0224]"
1735831858125,BTC_USDT,96534.7,0.0225,96550.2,96582.8,894922654,8559771309.11741,106241.0,86924.5,93729.6,97415.2,96534.6,96534.7,175779808,2124.8,0.0001,UTC+8,"[0.0225, -0.0198, -0.0059, 0.5928, 0.7044, 1.135]","[0.0253, 0.0206, 0.0225]"
1735831861120,BTC_USDT,96527.4,0.0224,96540.1,96566.0,894943972,8559977115.56035,106222.6,86909.4,93729.6,97415.2,96526.2,96527.4,175787248,2117.5,0.0001,UTC+8,"[0.0224, -0.0199, -0.006, 0.5926, 0.7043, 1.1348]","[0.0252, 0.0205, 0.0224]"
1735831863119,BTC_USDT,96521.1,0.0223,96540.1,96552.5,894951033,8560045267.51827,106207.7,86897.2,93729.6,97415.2,96521.0,96521.1,175808140,2111.2,0.0001,UTC+8,"[0.0223, -0.02, -0.0061, 0.5925, 0.7042, 1.1347]","[0.0252, 0.0205, 0.0223]"
1735831865116,BTC_USDT,96469.5,0.0218,96473.4,96506.0,895002560,8560542452.94177,106156.6,86855.4,93729.6,97415.2,96469.5,96469.6,175841052,2059.6,0.0001,UTC+8,"[0.0218, -0.0205, -0.0066, 0.5917, 0.7033, 1.1335]","[0.0246, 0.0199, 0.0218]"
1735831868116,BTC_USDT,96446.7,0.0215,96459.1,96483.7,895069033,8561183605.52094,106132.0,86835.3,93729.6,97415.2,96446.7,96446.8,175922740,2036.8,0.0001,UTC+8,"[0.0215, -0.0207, -0.0068, 0.5913, 0.7029, 1.133]","[0.0244, 0.0197, 0.0215]"
1735831870120,BTC_USDT,96418.8,0.0212,96421.5,96454.1,895116678,8561643014.73901,106099.5,86808.6,93729.6,97415.2,96418.8,96418.9,176063792,2008.9,0.0001,UTC+8,"[0.0212, -0.021, -0.0071, 0.5908, 0.7024, 1.1324]","[0.0241, 0.0194, 0.0212]"
1735831872120,BTC_USDT,96413.4,0.0212,96430.0,96462.9,895154709,8562009709.38228,106109.1,86816.6,93729.6,97415.2,96410.3,96410.4,176092680,2003.5,0.0001,UTC+8,"[0.0212, -0.0211, -0.0072, 0.5908, 0.7023, 1.1323]","[0.024, 0.0193, 0.0212]"
1735831874119,BTC_USDT,96447.3,0.0215,96445.1,96478.0,895174578,8562201304.49715,106125.8,86830.2,93729.6,97415.2,96447.2,96447.3,175479268,2037.4,0.0001,UTC+8,"[0.0215, -0.0207, -0.0068, 0.5913, 0.7029, 1.133]","[0.0244, 0.0197, 0.0215]"
1735831877154,BTC_USDT,96488.9,0.022,96487.3,96520.2,895194870,8562397083.71771,106172.2,86868.1,93729.6,97415.2,96488.8,96493.2,175492364,2079.0,0.0001,UTC+8,"[0.022, -0.0203, -0.0064, 0.592, 0.7036, 1.134]","[0.0248, 0.0201, 0.022]"
1735831879122,BTC_USDT,96482.1,0.0219,96489.0,96521.8,895212614,8562568291.64904,106173.9,86869.6,93729.6,97415.2,96482.0,96482.1,175508388,2072.2,0.0001,UTC+8,"[0.0219, -0.0204, -0.0065, 0.5919, 0.7035, 1.1338]","[0.0248, 0.0201, 0.0219]"
1735831881124,BTC_USDT,96482.2,0.0219,96489.3,96522.1,895221586,8562654855.63896,106174.3,86869.8,93729.6,97415.2,96482.2,96482.3,175528776,2072.3,0.0001,UTC+8,"[0.0219, -0.0204, -0.0065, 0.5919, 0.7035, 1.1338]","[0.0248, 0.0201, 0.0219]"
1735831883119,BTC_USDT,96453.4,0.0216,96478.6,96498.5,895228682,8562723308.69661,106148.3,86848.6,93729.6,97415.2,96450.0,96450.1,175529340,2043.5,0.0001,UTC+8,"[0.0216, -0.0207, -0.0068, 0.5914, 0.703, 1.1332]","[0.0244, 0.0197, 0.0216]"
1735831886119,BTC_USDT,96460.1,0.0217,96475.5,96503.9,895250029,8562929212.8956,106154.2,86853.5,93729.6,97415.2,96467.8,96467.9,175556912,2050.2,0.0001,UTC+8,"[0.0217, -0.0206, -0.0067, 0.5915, 0.7031, 1.1333]","[0.0245, 0.0198, 0.0217]"
1735831888115,BTC_USDT,96453.6,0.0216,96471.4,96504.2,895251950,8562947744.32898,106154.6,86853.7,93729.6,97415.2,96453.6,96453.7,175556916,2043.7,0.0001,UTC+8,"[0.0216, -0.0207, -0.0068, 0.5914, 0.703, 1.1332]","[0.0244, 0.0197, 0.0216]"
1735831890121,BTC_USDT,96426.7,0.0213,96447.9,96455.5,895266107,8563084288.41636,106101.0,86809.9,93729.6,97415.2,96428.8,96428.9,175571024,2016.8,0.0001,UTC+8,"[0.0213, -0.0209, -0.007, 0.591, 0.7025, 1.1326]","[0.0242, 0.0195, 0.0213]"
1735831893119,BTC_USDT,96412.6,0.0212,96423.9,96456.7,895274165,8563161988.68009,106102.3,86811.0,93729.6,97415.2,96410.4,96410.5,175577036,2002.7,0.0001,UTC+8,"[0.0212, -0.0211, -0.0072, 0.5907, 0.7023, 1.1323]","[0.024, 0.0193, 0.0212]"
1735831895123,BTC_USDT,96408.6,0.0211,96420.4,96453.2,895279573,8563214128.33022,106098.5,86807.8,93729.6,97415.2,96407.3,96408.7,175501744,1998.7,0.0001,UTC+8,"[0.0211, -0.0211, -0.0072, 0.5907, 0.7022, 1.1322]","[0.024, 0.0193, 0.0211]"
1735831897117,BTC_USDT,96366.1,0.0207,96370.1,96403.0,895318719,8563591430.06072,106043.3,86762.7,93729.6,97415.2,96367.0,96367.1,175592744,1956.2,0.0001,UTC+8,"[0.0207, -0.0215, -0.0077, 0.59, 0.7015, 1.1312]","[0.0235, 0.0188, 0.0207]"
1735831900122,BTC_USDT,96414.0,0.0212,96398.9,96432.4,895341978,8563815621.41181,106075.6,86789.1,93729.6,97415.2,96414.0,96414.1,175638628,2004.1,0.0001,UTC+8,"[0.0212, -0.0211, -0.0072, 0.5908, 0.7023, 1.1323]","[0.024, 0.0193, 0.0212]"
1735831902108,BTC_USDT,96380.2,0.0208,96414.0,96440.8,895442768,8564787289.43517,106084.8,86796.7,93729.6,97415.2,96370.7,96370.8,175754016,1970.3,0.0001,UTC+8,"[0.0208, -0.0214, -0.0075, 0.5902, 0.7017, 1.1316]","[0.0237, 0.019, 0.0208]"
1735831904116,BTC_USDT,96349.7,0.0205,96351.1,96384.2,895477125,8565118309.90283,106022.6,86745.7,93729.6,97415.2,96356.1,96356.2,175813204,1939.8,0.0001,UTC+8,"[0.0205, -0.0217, -0.0078, 0.5897, 0.7012, 1.1309]","[0.0233, 0.0187, 0.0205]"
1735831906095,BTC_USDT,96375.0,0.0208,96367.3,96400.4,895491960,8565261257.95532,106040.4,86760.3,93729.6,97415.2,96379.1,96379.2,175844460,1965.1,0.0001,UTC+8,"[0.0208, -0.0215, -0.0076, 0.5901, 0.7016, 1.1314]","[0.0236, 0.0189, 0.0208]"
1735831909117,BTC_USDT,96351.5,0.0205,96375.1,96408.3,895559262,8565909851.66773,106049.1,86767.4,93729.6,97415.2,96351.5,96351.6,175579528,1941.6,0.0001,UTC+8,"[0.0205, -0.0217, -0.0078, 0.5897, 0.7012, 1.1309]","[0.0234, 0.0187, 0.0205]"
1735831911120,BTC_USDT,96367.8,0.0207,96373.6,96406.8,895567214,8565986478.62687,106047.4,86766.1,93729.6,97415.2,96367.8,96367.9,175593372,1957.9,0.0001,UTC+8,"[0.0207, -0.0215, -0.0076, 0.59, 0.7015, 1.1313]","[0.0235, 0.0188, 0.0207]"
1735831913123,BTC_USDT,96352.3,0.0205,96361.9,96395.1,895607026,8566370078.46148,106034.6,86755.5,93729.6,97415.2,96352.3,96352.4,175617876,1942.4,0.0001,UTC+8,"[0.0205, -0.0217, -0.0078, 0.5898, 0.7012, 1.1309]","[0.0234, 0.0187, 0.0205]"
1735831915117,BTC_USDT,96356.2,0.0206,96361.9,96395.1,895612541,8566423218.43331,106034.6,86755.5,93729.6,97415.2,96358.3,96360.5,175623816,1946.3,0.0001,UTC+8,"[0.0206, -0.0216, -0.0078, 0.5898, 0.7013, 1.131]","[0.0234, 0.0187, 0.0206]"
1735831918130,BTC_USDT,96375.4,0.0208,96370.8,96404.2,895777406,8568011998.76811,106044.6,86763.7,93729.6,97415.2,96375.3,96375.4,175664716,1965.5,0.0001,UTC+8,"[0.0208, -0.0215, -0.0076, 0.5901, 0.7016, 1.1314]","[0.0236, 0.0189, 0.0208]"
1735831920129,BTC_USDT,96375.3,0.0208,96380.7,96414.1,895883309,8569032642.11468,106055.5,86772.6,93729.6,97415.2,96375.3,96375.4,175670032,1965.4,0.0001,UTC+8,"[0.0208, -0.0215, -0.0076, 0.5901, 0.7016, 1.1314]","[0.0236, 0.0189, 0.0208]"
1735831922121,BTC_USDT,96385.2,0.0209,96389.7,96423.1,895933204,8569513517.60647,106065.4,86780.7,93729.6,97415.2,96380.2,96380.3,175686288,1975.3,0.0001,UTC+8,"[0.0209, -0.0214, -0.0075, 0.5903, 0.7018, 1.1317]","[0.0237, 0.019, 0.0209]"
1735831925112,BTC_USDT,96356.2,0.0206,96368.2,96401.6,895949232,8569667974.23412,106041.7,86761.4,93729.6,97415.2,96352.3,96352.4,175705368,1946.3,0.0001,UTC+8,"[0.0206, -0.0216, -0.0078, 0.5898, 0.7013, 1.131]","[0.0234, 0.0187, 0.0206]"
1735831927117,BTC_USDT,96370.7,0.0207,96378.8,96412.2,895968715,8569855731.13067,106053.4,86770.9,93729.6,97415.2,96375.3,96375.4,175747404,1960.8,0.0001,UTC+8,"[0.0207, -0.0215, -0.0076, 0.5901, 0.7015, 1.1313]","[0.0236, 0.0189, 0.0207]"
1735831929112,BTC_USDT,96400.0,0.021,96377.7,96411.3,895970481,8569872751.10646,106052.4,86770.1,93729.6,97415.2,96406.7,96409.0,175784016,1990.1,0.0001,UTC+8,"[0.021, -0.0212, -0.0073, 0.5905, 0.7021, 1.132]","[0.0239, 0.0192, 0.021]"
1735831931118,BTC_USDT,96409.7,0.0211,96409.7,96439.9,896000604,8570163154.65812,106083.8,86795.9,93729.6,97415.2,96406.1,96406.2,175823036,1999.8,0.0001,UTC+8,"[0.0211, -0.0211, -0.0072, 0.5907, 0.7022, 1.1322]","[0.024, 0.0193, 0.0211]"
1735831934113,BTC_USDT,96385.2,0.0209,96393.5,96427.0,896040674,8570549444.68722,106069.7,86784.3,93729.6,97415.2,96393.8,96393.9,175880900,1975.3,0.0001,UTC+8,"[0.0209, -0.0214, -0.0075, 0.5903, 0.7018, 1.1317]","[0.0237, 0.019, 0.0209]"
1735831936111,BTC_USDT,96404.4,0.0211,96407.3,96441.0,896050902,8570648039.48025,106085.1,86796.9,93729.6,97415.2,96404.3,96404.4,175903332,1994.5,0.0001,UTC+8,"[0.0211, -0.0212, -0.0073, 0.5906, 0.7021, 1.1321]","[0.0239, 0.0192, 0.0211]"
1735831938111,BTC_USDT,96425.0,0.0213,96416.0,96449.7,896063077,8570765420.59564,106094.6,86804.7,93729.6,97415.2,96423.5,96425.1,175093464,2015.1,0.0001,UTC+8,"[0.0213, -0.0209, -0.0071, 0.591, 0.7025, 1.1325]","[0.0241, 0.0194, 0.0213]"
1735831940108,BTC_USDT,96404.4,0.0211,96408.7,96442.4,896081675,8570944743.42964,106086.6,86798.1,93729.6,97415.2,96404.3,96404.4,175115804,1994.5,0.0001,UTC+8,"[0.0211, -0.0212, -0.0073, 0.5906, 0.7021, 1.1321]","[0.0239, 0.0192, 0.0211]"
1735831943122,BTC_USDT,96385.2,0.0209,96394.9,96428.5,896095695,8571079889.32189,106071.3,86785.6,93729.6,97415.2,96389.8,96389.9,175164724,1975.3,0.0001,UTC+8,"[0.0209, -0.0214, -0.0075, 0.5903, 0.7018, 1.1317]","[0.0237, 0.019, 0.0209]"
1735831945124,BTC_USDT,96429.9,0.0213,96409.8,96443.6,896101253,8571133462.22232,106087.9,86799.2,93729.6,97415.2,96429.9,96430.0,175166460,2020.0,0.0001,UTC+8,"[0.0213, -0.0209, -0.007, 0.591, 0.7026, 1.1327]","[0.0242, 0.0195, 0.0213]"
1735831947122,BTC_USDT,96451.7,0.0216,96448.3,96482.1,896115490,8571270776.77202,106130.3,86833.8,93729.6,97415.2,96451.6,96451.7,175190232,2041.8,0.0001,UTC+8,"[0.0216, -0.0207, -0.0068, 0.5914, 0.703, 1.1331]","[0.0244, 0.0197, 0.0216]"
1735831950120,BTC_USDT,96463.3,0.0217,96463.3,96486.4,896135443,8571463226.86184,106135.0,86837.7,93729.6,97415.2,96463.3,96463.4,175202180,2053.4,0.0001,UTC+8,"[0.0217, -0.0206, -0.0067, 0.5916, 0.7032, 1.1334]","[0.0246, 0.0199, 0.0217]"
1735831952124,BTC_USDT,96474.2,0.0218,96474.2,96500.3,896151182,8571615063.35598,106150.3,86850.2,93729.6,97415.2,96464.3,96467.6,175247496,2064.3,0.0001,UTC+8,"[0.0218, -0.0204, -0.0066, 0.5918, 0.7034, 1.1336]","[0.0247, 0.02, 0.0218]"
1735831954114,BTC_USDT,96444.1,0.0215,96458.9,96481.5,896168588,8571782955.88684,106129.6,86833.3,93729.6,97415.2,96446.9,96447.0,175254168,2034.2,0.0001,UTC+8,"[0.0215, -0.0208, -0.0069, 0.5913, 0.7028, 1.133]","[0.0243, 0.0196, 0.0215]"
1735831956119,BTC_USDT,96460.2,0.0217,96460.2,96486.7,896192530,8572013882.17331,106135.3,86838.0,93729.6,97415.2,96472.3,96472.4,175316680,2050.3,0.0001,UTC+8,"[0.0217, -0.0206, -0.0067, 0.5915, 0.7031, 1.1333]","[0.0245, 0.0198, 0.0217]"
1735831959123,BTC_USDT,96462.2,0.0217,96459.1,96492.7,896214430,8572225143.86727,106141.9,86843.4,93729.6,97415.2,96462.1,96462.2,175321256,2052.3,0.0001,UTC+8,"[0.0217, -0.0206, -0.0067, 0.5916, 0.7032, 1.1334]","[0.0245, 0.0198, 0.0217]"
1735831961113,BTC_USDT,96466.9,0.0217,96462.2,96493.0,896220257,8572281352.41519,106142.3,86843.7,93729.6,97415.2,96466.9,96467.0,175321676,2057.0,0.0001,UTC+8,"[0.0217, -0.0205, -0.0066, 0.5916, 0.7032, 1.1335]","[0.0246, 0.0199, 0.0217]"
1735831963116,BTC_USDT,96445.1,0.0215,96466.0,96497.3,896223723,8572314783.78769,106147.0,86847.5,93729.6,97415.2,96445.0,96445.1,175334952,2035.2,0.0001,UTC+8,"[0.0215, -0.0207, -0.0069, 0.5913, 0.7029, 1.133]","[0.0244, 0.0197, 0.0215]"
1735831966122,BTC_USDT,96418.7,0.0212,96418.8,96452.3,896225126,8572328313.37981,106097.5,86807.0,93729.6,97415.2,96430.5,96430.6,175334964,2008.8,0.0001,UTC+8,"[0.0212, -0.021, -0.0071, 0.5908, 0.7024, 1.1324]","[0.0241, 0.0194, 0.0212]"
1735831968324,BTC_USDT,96489.2,0.022,96463.6,96497.3,896229446,8572369993.4093,106147.0,86847.5,93729.6,97415.2,96486.5,96486.6,175337664,2079.3,0.0001,UTC+8,"[0.022, -0.0203, -0.0064, 0.592, 0.7036, 1.134]","[0.0248, 0.0201, 0.022]"
1735831970121,BTC_USDT,96479.0,0.0219,96479.3,96513.1,896238060,8572453103.59323,106164.4,86861.7,93729.6,97415.2,96467.0,96467.1,175301916,2069.1,0.0001,UTC+8,"[0.0219, -0.0204, -0.0065, 0.5918, 0.7035, 1.1337]","[0.0247, 0.02, 0.0219]"
1735831972118,BTC_USDT,96443.0,0.0215,96450.4,96484.1,896251413,8572581914.69111,106132.5,86835.6,93729.6,97415.2,96442.9,96443.0,175310672,2033.1,0.0001,UTC+8,"[0.0215, -0.0208, -0.0069, 0.5912, 0.7028, 1.1329]","[0.0243, 0.0196, 0.0215]"
1735831975106,BTC_USDT,96438.9,0.0214,96449.6,96483.4,896268310,8572744881.77021,106131.7,86835.0,93729.6,97415.2,96438.9,96439.0,175328004,2029.0,0.0001,UTC+8,"[0.0214, -0.0208, -0.0069, 0.5912, 0.7028, 1.1329]","[0.0243, 0.0196, 0.0214]"
1735831977120,BTC_USDT,96457.7,0.0216,96444.2,96478.0,896274564,8572805195.99604,106125.8,86830.2,93729.6,97415.2,96457.6,96457.7,175332964,2047.8,0.0001,UTC+8,"[0.0216, -0.0206, -0.0067, 0.5915, 0.7031, 1.1333]","[0.0245, 0.0198, 0.0216]"
1735831979123,BTC_USDT,96421.5,0.0213,96422.4,96456.3,896275770,8572816826.95527,106101.9,86810.6,93729.6,97415.2,96427.2,96427.3,175335240,2011.6,0.0001,UTC+8,"[0.0213, -0.021, -0.0071, 0.5909, 0.7024, 1.1325]","[0.0241, 0.0194, 0.0213]"
1735831982116,BTC_USDT,96455.8,0.0216,96443.6,96477.4,896299490,8573045574.52683,106125.1,86829.6,93729.6,97415.2,96455.7,96455.8,175385444,2045.9,0.0001,UTC+8,"[0.0216, -0.0206, -0.0067, 0.5915, 0.7031, 1.1332]","[0.0245, 0.0198, 0.0216]"
1735831984122,BTC_USDT,96456.7,0.0216,96455.7,96487.6,896301955,8573069350.86655,106136.3,86838.8,93729.6,97415.2,96456.6,96456.7,175385900,2046.8,0.0001,UTC+8,"[0.0216, -0.0206, -0.0067, 0.5915, 0.7031, 1.1332]","[0.0245, 0.0198, 0.0216]"
1735831986138,BTC_USDT,96462.4,0.0217,96452.7,96484.4,896303314,8573082460.02074,106132.8,86835.9,93729.6,97415.2,96462.3,96462.4,175388768,2052.5,0.0001,UTC+8,"[0.0217, -0.0206, -0.0067, 0.5916, 0.7032, 1.1334]","[0.0245, 0.0198, 0.0217]"
1735831988122,BTC_USDT,96436.2,0.0214,96464.1,96480.3,896306870,8573116758.88512,106128.3,86832.2,93729.6,97415.2,96427.4,96427.5,175395656,2026.3,0.0001,UTC+8,"[0.0214, -0.0208, -0.0069, 0.5911, 0.7027, 1.1328]","[0.0243, 0.0196, 0.0214]"
1735831991121,BTC_USDT,96431.0,0.0214,96452.5,96473.8,896307889,8573126585.26768,106121.1,86826.4,93729.6,97415.2,96431.0,96431.1,175396100,2021.1,0.0001,UTC+8,"[0.0214, -0.0209, -0.007, 0.591, 0.7026, 1.1327]","[0.0242, 0.0195, 0.0214]"
1735831993123,BTC_USDT,96456.7,0.0216,96444.3,96478.2,896311415,8573160594.12645,106126.0,86830.3,93729.6,97415.2,96454.9,96455.0,175405316,2046.8,0.0001,UTC+8,"[0.0216, -0.0206, -0.0067, 0.5915, 0.7031, 1.1332]","[0.0245, 0.0198, 0.0216]"
1735831995116,BTC_USDT,96438.2,0.0214,96453.3,96482.2,896315907,8573203915.52092,106130.4,86833.9,93729.6,97415.2,96438.1,96438.2,175405316,2028.3,0.0001,UTC+8,"[0.0214, -0.0208, -0.0069, 0.5912, 0.7027, 1.1328]","[0.0243, 0.0196, 0.0214]"
1735831998117,BTC_USDT,96462.2,0.0217,96462.1,96496.0,896319555,8573239097.81079,106145.6,86846.4,93729.6,97415.2,96462.1,96462.2,175285532,2052.3,0.0001,UTC+8,"[0.0217, -0.0206, -0.0067, 0.5916, 0.7032, 1.1334]","[0.0245, 0.0198, 0.0217]"
1735832000143,BTC_USDT,96445.8,0.0215,96489.1,96495.1,896339512,8573431648.13771,106144.6,86845.5,93729.6,97415.2,96438.1,96438.2,175346948,2035.9,0.0001,UTC+8,"[0.0215, -0.0207, -0.0068, 0.5913, 0.7029, 1.133]","[0.0244, 0.0197, 0.0215]"
1735832002104,BTC_USDT,96427.3,0.0213,96438.1,96467.1,896348950,8573522663.39709,106113.8,86820.3,93729.6,97415.2,96437.3,96437.4,175355416,2017.4,0.0001,UTC+8,"[0.0213, -0.0209, -0.007, 0.591, 0.7025, 1.1326]","[0.0242, 0.0195, 0.0213]"
1735832005112,BTC_USDT,96428.7,0.0213,96428.8,96460.3,896356454,8573595023.37894,106106.3,86814.2,93729.6,97415.2,96428.7,96428.8,175355740,2018.8,0.0001,UTC+8,"[0.0213, -0.0209, -0.007, 0.591, 0.7026, 1.1326]","[0.0242, 0.0195, 0.0213]"
1735832007121,BTC_USDT,96411.4,0.0212,96419.3,96453.2,896361919,8573647713.41096,106098.5,86807.8,93729.6,97415.2,96411.4,96411.5,175362104,2001.5,0.0001,UTC+8,"[0.0212, -0.0211, -0.0072, 0.5907, 0.7023, 1.1322]","[0.024, 0.0193, 0.0212]"
1735832009119,BTC_USDT,96402.7,0.0211,96411.2,96445.0,896391206,8573930064.05418,106089.5,86800.5,93729.6,97415.2,96402.7,96402.8,175371380,1992.8,0.0001,UTC+8,"[0.0211, -0.0212, -0.0073, 0.5906, 0.7021, 1.1321]","[0.0239, 0.0192, 0.0211]"
1735832011121,BTC_USDT,96409.2,0.0211,96410.9,96444.9,896402152,8574035586.87116,106089.3,86800.4,93729.6,97415.2,96409.1,96409.2,175280500,1999.3,0.0001,UTC+8,"[0.0211, -0.0211, -0.0072, 0.5907, 0.7022, 1.1322]","[0.024, 0.0193, 0.0211]"
1735832014108,BTC_USDT,96416.2,0.0212,96419.9,96453.9,896409469,8574106139.02162,106099.2,86808.5,93729.6,97415.2,96416.1,96416.2,175290888,2006.3,0.0001,UTC+8,"[0.0212, -0.021, -0.0072, 0.5908, 0.7024, 1.1323]","[0.0241, 0.0194, 0.0212]"
1735832016114,BTC_USDT,96410.2,0.0211,96411.1,96445.2,896422884,8574235479.13551,106089.7,86800.6,93729.6,97415.2,96410.2,96410.3,175325120,2000.3,0.0001,UTC+8,"[0.0211, -0.0211, -0.0072, 0.5907, 0.7022, 1.1322]","[0.024, 0.0193, 0.0211]"
1735832018089,BTC_USDT,96413.9,0.0212,96408.6,96442.8,896425970,8574265231.5162,106087.0,86798.5,93729.6,97415.2,96418.7,96418.8,175330028,2004.0,0.0001,UTC+8,"[0.0212, -0.0211, -0.0072, 0.5908, 0.7023, 1.1323]","[0.024, 0.0193, 0.0212]"
1735832021121,BTC_USDT,96420.5,0.0212,96423.8,96457.9,896430529,8574309192.16104,106103.6,86812.1,93729.6,97415.2,96418.3,96418.4,175339760,2010.6,0.0001,UTC+8,"[0.0212, -0.021, -0.0071, 0.5909, 0.7024, 1.1324]","[0.0241, 0.0194, 0.0212]"
1735832023123,BTC_USDT,96417.5,0.0212,96410.3,96442.6,896433624,8574339031.05231,106086.8,86798.3,93729.6,97415.2,96417.4,96417.5,175344244,2007.6,0.0001,UTC+8,"[0.0212, -0.021, -0.0071, 0.5908, 0.7024, 1.1324]","[0.0241, 0.0194, 0.0212]"
1735832025126,BTC_USDT,96430.0,0.0213,96423.1,96457.3,896436128,8574363174.88586,106103.0,86811.5,93729.6,97415.2,96421.5,96432.1,175347188,2020.1,0.0001,UTC+8,"[0.0213, -0.0209, -0.007, 0.591, 0.7026, 1.1327]","[0.0242, 0.0195, 0.0213]"
1735832027118,BTC_USDT,96379.9,0.0208,96385.8,96419.8,896455441,8574549328.96461,106061.7,86777.8,93729.6,97415.2,96379.8,96379.9,175392468,1970.0,0.0001,UTC+8,"[0.0208, -0.0214, -0.0075, 0.5902, 0.7017, 1.1315]","[0.0237, 0.019, 0.0208]"
1735832030121,BTC_USDT,96402.7,0.0211,96386.5,96420.6,896459646,8574589857.20611,106062.6,86778.5,93729.6,97415.2,96393.9,96394.0,175403400,1992.8,0.0001,UTC+8,"[0.0211, -0.0212, -0.0073, 0.5906, 0.7021, 1.1321]","[0.0239, 0.0192, 0.0211]"
1735832032101,BTC_USDT,96399.5,0.021,96399.4,96425.4,896486264,8574846431.35091,106067.9,86782.8,93729.6,97415.2,96399.4,96399.5,175477948,1989.6,0.0001,UTC+8,"[0.021, -0.0212, -0.0073, 0.5905, 0.7021, 1.132]","[0.0239, 0.0192, 0.021]"
1735832034108,BTC_USDT,96402.0,0.0211,96404.2,96438.3,896499301,8574972107.71434,106082.1,86794.4,93729.6,97415.2,96400.0,96400.1,175482164,1992.1,0.0001,UTC+8,"[0.0211, -0.0212, -0.0073, 0.5906, 0.7021, 1.132]","[0.0239, 0.0192, 0.0211]"
1735832037116,BTC_USDT,96372.0,0.0207,96366.0,96400.1,896514013,8575113884.52442,106040.1,86760.0,93729.6,97415.2,96374.6,96374.7,175418268,1962.1,0.0001,UTC+8,"[0.0207, -0.0215, -0.0076, 0.5901, 0.7016, 1.1314]","[0.0236, 0.0189, 0.0207]"
1735832039123,BTC_USDT,96372.5,0.0207,96373.5,96407.6,896528813,8575256515.72687,106048.3,86766.8,93729.6,97415.2,96372.4,96372.5,175426968,1962.6,0.0001,UTC+8,"[0.0207, -0.0215, -0.0076, 0.5901, 0.7016, 1.1314]","[0.0236, 0.0189, 0.0207]"
1735832041123,BTC_USDT,96367.7,0.0207,96369.0,96403.1,896533396,8575300682.69419,106043.4,86762.7,93729.6,97415.2,96367.6,96367.7,175429768,1957.8,0.0001,UTC+8,"[0.0207, -0.0215, -0.0077, 0.59, 0.7015, 1.1313]","[0.0235, 0.0188, 0.0207]"
1735832043119,BTC_USDT,96370.6,0.0207,96367.6,96399.7,896542836,8575391642.70131,106039.6,86759.7,93729.6,97415.2,96370.5,96370.6,175452256,1960.7,0.0001,UTC+8,"[0.0207, -0.0215, -0.0076, 0.5901, 0.7015, 1.1313]","[0.0236, 0.0189, 0.0207]"
1735832046121,BTC_USDT,96347.4,0.0205,96351.1,96385.3,896563823,8575593859.76414,106023.8,86746.7,93729.6,97415.2,96338.8,96338.9,175483236,1937.5,0.0001,UTC+8,"[0.0205, -0.0217, -0.0079, 0.5897, 0.7011, 1.1308]","[0.0233, 0.0186, 0.0205]"
1735832048125,BTC_USDT,96346.6,0.0205,96351.7,96385.9,896565360,8575608668.80712,106024.4,86747.3,93729.6,97415.2,96344.2,96344.3,175486764,1936.7,0.0001,UTC+8,"[0.0205, -0.0217, -0.0079, 0.5897, 0.7011, 1.1308]","[0.0233, 0.0186, 0.0205]"
1735832050126,BTC_USDT,96355.9,0.0206,96342.3,96376.6,896572912,8575681420.60744,106014.2,86738.9,93729.6,97415.2,96355.9,96356.0,175503784,1946.0,0.0001,UTC+8,"[0.0206, -0.0217, -0.0078, 0.5898, 0.7013, 1.131]","[0.0234, 0.0187, 0.0206]"
1735832052111,BTC_USDT,96356.3,0.0206,96358.1,96392.3,896589860,8575844720.22993,106031.5,86753.0,93729.6,97415.2,96356.2,96356.3,175521932,1946.4,0.0001,UTC+8,"[0.0206, -0.0216, -0.0078, 0.5898, 0.7013, 1.131]","[0.0234, 0.0187, 0.0206]"
1735832055122,BTC_USDT,96337.6,0.0204,96343.6,96376.3,896603105,8575972336.20172,106013.9,86738.6,93729.6,97415.2,96337.6,96337.7,175539860,1927.7,0.0001,UTC+8,"[0.0204, -0.0218, -0.008, 0.5895, 0.701, 1.1306]","[0.0232, 0.0185, 0.0204]"
1735832057123,BTC_USDT,96356.0,0.0206,96356.0,96376.4,896634299,8576272872.90905,106014.0,86738.7,93729.6,97415.2,96355.9,96356.0,175541112,1946.1,0.0001,UTC+8,"[0.0206, -0.0216, -0.0078, 0.5898, 0.7013, 1.131]","[0.0234, 0.0187, 0.0206]"
1735832059123,BTC_USDT,96338.1,0.0204,96355.9,96387.0,896658309,8576504205.48599,106025.7,86748.3,93729.6,97415.2,96338.1,96338.2,175611472,1928.2,0.0001,UTC+8,"[0.0204, -0.0218, -0.008, 0.5895, 0.701, 1.1306]","[0.0232, 0.0185, 0.0204]"
1735832062121,BTC_USDT,96400.0,0.021,96393.6,96427.8,896678698,8576700680.60907,106070.5,86785.0,93729.6,97415.2,96411.0,96411.1,175624108,1990.1,0.0001,UTC+8,"[0.021, -0.0212, -0.0073, 0.5905, 0.7021, 1.132]","[0.0239, 0.0192, 0.021]"
1735832064124,BTC_USDT,96442.0,0.0215,96439.4,96473.6,896708582,8576988830.79645,106120.9,86826.2,93729.6,97415.2,96446.2,96446.3,175637832,2032.1,0.0001,UTC+8,"[0.0215, -0.0208, -0.0069, 0.5912, 0.7028, 1.1329]","[0.0243, 0.0196, 0.0215]"
1735832066119,BTC_USDT,96454.3,0.0216,96454.4,96483.9,896714947,8577050219.59739,106132.2,86835.5,93729.6,97415.2,96454.3,96454.4,175638396,2044.4,0.0001,UTC+8,"[0.0216, -0.0207, -0.0068, 0.5914, 0.703, 1.1332]","[0.0245, 0.0198, 0.0216]"
1735832068119,BTC_USDT,96443.1,0.0215,96454.4,96483.6,896734750,8577241212.5633,106131.9,86835.2,93729.6,97415.2,96440.5,96440.6,175632168,2033.2,0.0001,UTC+8,"[0.0215, -0.0208, -0.0069, 0.5912, 0.7028, 1.1329]","[0.0243, 0.0196, 0.0215]"
1735832071123,BTC_USDT,96452.6,0.0216,96453.4,96487.6,896757580,8577461393.5326,106136.3,86838.8,93729.6,97415.2,96452.5,96452.6,175514624,2042.7,0.0001,UTC+8,"[0.0216, -0.0207, -0.0068, 0.5914, 0.703, 1.1332]","[0.0244, 0.0197, 0.0216]"
