timestamp,symbol,lastPrice,riseFallRate,fairPrice,indexPrice,volume24,amount24,maxBidPrice,minAskPrice,lower24Price,high24Price,bid1,ask1,holdVol,riseFallValue,fundingRate,zone,riseFallRates,riseFallRatesOfTimezone
1744039118293,BTC_USDT,77895.0,-0.0557,77898.2,77942.3,1892917813,14787022476.58763,85736.5,70148,74461.5,82780.1,77897.3,77897.4,88544229,-4602.5,5e-05,UTC+8,"[-0.0557, -0.0581, -0.1191, -0.2371, 0.2511, 0.1439]","[-0.0573, -0.0063, -0.0557]"
1744039120314,BTC_USDT,77857.3,-0.0562,77890.1,77929.0,1892937971,14787179426.32744,85721.9,70136.1,74461.5,82780.1,77857.4,77857.5,88577064,-4640.2,5e-05,UTC+8,"[-0.0562, -0.0585, -0.1195, -0.2374, 0.2505, 0.1433]","[-0.0577, -0.0067, -0.0562]"
1744039124286,BTC_USDT,77882.8,-0.0559,77879.3,77902.0,1892975349,14787470478.86766,85692.2,70111.8,74461.5,82780.1,77882.7,77882.8,88637729,-4614.7,5e-05,UTC+8,"[-0.0559, -0.0582, -0.1193, -0.2372, 0.2509, 0.1437]","[-0.0574, -0.0064, -0.0559]"
1744039126309,BTC_USDT,77925.8,-0.0554,77901.5,77944.7,1893012974,14787763587.98025,85739.1,70150.2,74461.5,82780.1,77903.5,77910.4,88726781,-4571.7,5e-05,UTC+8,"[-0.0554, -0.0577, -0.1188, -0.2368, 0.2516, 0.1443]","[-0.0569, -0.0059, -0.0554]"
1744039128300,BTC_USDT,77920.0,-0.0554,77914,77956.4,1893024300,14787851828.24923,85752.0,70160.7,74461.5,82780.1,77921.5,77921.6,88748915,-4577.5,5e-05,UTC+8,"[-0.0554, -0.0577, -0.1188, -0.2368, 0.2515, 0.1443]","[-0.057, -0.0059, -0.0554]"
1744039130304,BTC_USDT,77870.2,-0.056,77909.8,77918.9,1893028334,14787883257.69844,85710.7,70127,74461.5,82780.1,77887.8,77887.9,88532261,-4627.3,5e-05,UTC+8,"[-0.056, -0.0584, -0.1194, -0.2373, 0.2507, 0.1435]","[-0.0576, -0.0066, -0.056]"
1744039132307,BTC_USDT,77902.3,-0.0557,77908.8,77953.2,1893034634,14787932335.59258,85748.5,70157.8,74461.5,82780.1,77912.4,77912.5,88543369,-4595.2,5e-05,UTC+8,"[-0.0557, -0.058, -0.119, -0.237, 0.2512, 0.144]","[-0.0572, -0.0062, -0.0557]"
1744039136305,BTC_USDT,77982.3,-0.0547,77970.3,78018.2,1893080679,14788291329.21381,85820.0,70216.3,74461.5,82780.1,77991.6,77991.7,88599316,-4515.2,5e-05,UTC+8,"[-0.0547, -0.057, -0.1181, -0.2362, 0.2525, 0.1452]","[-0.0562, -0.0051, -0.0547]"
1744039138314,BTC_USDT,78030.0,-0.0541,78019.5,78051.4,1893087682,14788345952.51416,85856.5,70246.2,74461.5,82780.1,78030,78030.1,88604751,-4467.5,5e-05,UTC+8,"[-0.0541, -0.0564, -0.1176, -0.2357, 0.2532, 0.1459]","[-0.0556, -0.0045, -0.0541]"
1744039140334,BTC_USDT,78174.1,-0.0524,78174,78191.9,1893161735,14788924263.76675,86011.0,70372.7,74461.5,82780.1,78174,78174.1,88908121,-4323.4,5e-05,UTC+8,"[-0.0524, -0.0547, -0.116, -0.2343, 0.2556, 0.148]","[-0.0539, -0.0027, -0.0524]"
1744039142305,BTC_USDT,78118.8,-0.053,78163,78161.2,1893255302,14789655595.28737,85977.3,70345,74461.5,82780.1,78105.9,78107.2,88940164,-4378.7,4.7e-05,UTC+8,"[-0.053, -0.0553, -0.1166, -0.2349, 0.2547, 0.1472]","[-0.0545, -0.0034, -0.053]"
1744039144301,BTC_USDT,78176.5,-0.0523,78187.2,78201.3,1893269586,14789767252.45558,86021.4,70381.1,74461.5,82780.1,78187.8,78192.7,88974168,-4321.0,4.7e-05,UTC+8,"[-0.0523, -0.0546, -0.1159, -0.2343, 0.2556, 0.148]","[-0.0538, -0.0027, -0.0523]"
1744039146357,BTC_USDT,78268.5,-0.0512,78258.5,78292.0,1893451268,14791188625.84497,86121.2,70462.8,74461.5,82780.1,78273.9,78274.9,89169162,-4229.0,4.7e-05,UTC+8,"[-0.0512, -0.0535, -0.1149, -0.2334, 0.2571, 0.1494]","[-0.0527, -0.0015, -0.0512]"
1744039150300,BTC_USDT,78202.3,-0.052,78235.2,78253.9,1895499685,14807210025.28805,86079.2,70428.5,74461.5,82780.1,78210,78210.1,94438994,-4295.2,4.7e-05,UTC+8,"[-0.052, -0.0543, -0.1156, -0.234, 0.256, 0.1484]","[-0.0535, -0.0023, -0.052]"
1744039152296,BTC_USDT,78152.8,-0.0526,78179.1,78193.8,1895518539,14807357384.9464,86013.1,70374.4,74461.5,82780.1,78149.8,78149.9,94477901,-4344.7,4.7e-05,UTC+8,"[-0.0526, -0.0549, -0.1162, -0.2345, 0.2552, 0.1477]","[-0.0541, -0.003, -0.0526]"
1744039154339,BTC_USDT,78171.1,-0.0524,78159.6,78204.3,1895556306,14807652530.39383,86024.7,70383.8,74461.5,82780.1,78187.2,78187.5,94557840,-4326.4,4.7e-05,UTC+8,"[-0.0524, -0.0547, -0.116, -0.2344, 0.2555, 0.1479]","[-0.0539, -0.0027, -0.0524]"
1744039156297,BTC_USDT,78186.2,-0.0522,78177.3,78215.5,1895578935,14807829432.45879,86037.0,70393.9,74461.5,82780.1,78186.2,78186.3,94574919,-4311.3,4.7e-05,UTC+8,"[-0.0522, -0.0545, -0.1158, -0.2342, 0.2558, 0.1482]","[-0.0537, -0.0025, -0.0522]"
1744039158301,BTC_USDT,78134.2,-0.0528,78163.5,78187.0,1895607537,14808052971.45763,86005.7,70368.3,74461.5,82780.1,78133.2,78134.2,94631917,-4363.3,4.7e-05,UTC+8,"[-0.0528, -0.0552, -0.1164, -0.2347, 0.2549, 0.1474]","[-0.0544, -0.0032, -0.0528]"
1744039162293,BTC_USDT,78125.1,-0.053,78125,78149.9,1895700122,14808776216.25057,85964.8,70334.9,74461.5,82780.1,78113.2,78113.3,94787108,-4372.4,4.7e-05,UTC+8,"[-0.053, -0.0553, -0.1165, -0.2348, 0.2548, 0.1473]","[-0.0545, -0.0033, -0.053]"
1744039164285,BTC_USDT,78157.1,-0.0526,78152.7,78181.6,1895709736,14808851340.32074,85999.7,70363.4,74461.5,82780.1,78156.8,78156.9,94795108,-4340.4,4.7e-05,UTC+8,"[-0.0526, -0.0549, -0.1162, -0.2345, 0.2553, 0.1477]","[-0.0541, -0.0029, -0.0526]"
1744039166296,BTC_USDT,78153.6,-0.0526,78131.8,78177.9,1895716885,14808907203.36355,85995.6,70360.1,74461.5,82780.1,78153.2,78153.3,94808503,-4343.9,4.7e-05,UTC+8,"[-0.0526, -0.0549, -0.1162, -0.2345, 0.2552, 0.1477]","[-0.0541, -0.003, -0.0526]"
1744039168295,BTC_USDT,78152.8,-0.0526,78162.5,78207.2,1895718954,14808923374.68791,86027.9,70386.4,74461.5,82780.1,78154.1,78154.2,94811968,-4344.7,4.7e-05,UTC+8,"[-0.0526, -0.0549, -0.1162, -0.2345, 0.2552, 0.1477]","[-0.0541, -0.003, -0.0526]"
1744039170285,BTC_USDT,78217.7,-0.0518,78250,78256.8,1897481563,14822704570.22351,86082.4,70431.1,74461.5,82780.1,78216.6,78216.7,99417049,-4279.8,4.7e-05,UTC+8,"[-0.0518, -0.0541, -0.1155, -0.2339, 0.2563, 0.1486]","[-0.0533, -0.0021, -0.0518]"
1744039174297,BTC_USDT,78183.4,-0.0522,78199,78236.1,1897499519,14822845024.05398,86059.7,70412.4,74461.5,82780.1,78175.7,78176.7,88792043,-4314.1,4.7e-05,UTC+8,"[-0.0522, -0.0546, -0.1159, -0.2342, 0.2557, 0.1481]","[-0.0538, -0.0026, -0.0522]"
1744039176284,BTC_USDT,78221.1,-0.0518,78199.6,78245.6,1897514912,14822965385.28137,86070.1,70421,74461.5,82780.1,78217.6,78217.7,88832858,-4276.4,4.7e-05,UTC+8,"[-0.0518, -0.0541, -0.1154, -0.2339, 0.2563, 0.1487]","[-0.0533, -0.0021, -0.0518]"
1744039178300,BTC_USDT,78225.0,-0.0517,78223.9,78261.7,1897557534,14823298785.89938,86087.8,70435.5,74461.5,82780.1,78223,78223.1,88953736,-4272.5,4.7e-05,UTC+8,"[-0.0517, -0.0541, -0.1154, -0.2338, 0.2564, 0.1487]","[-0.0533, -0.0021, -0.0517]"
1744039180287,BTC_USDT,78300.0,-0.0508,78299.9,78322.4,1897626156,14823835914.76589,86154.6,70490.1,74461.5,82780.1,78311,78311.1,88968795,-4197.5,4.7e-05,UTC+8,"[-0.0508, -0.0532, -0.1145, -0.2331, 0.2576, 0.1498]","[-0.0524, -0.0011, -0.0508]"
1744039182306,BTC_USDT,78325.8,-0.0505,78312,78347.4,1897660913,14824108106.51449,86182.1,70512.6,74461.5,82780.1,78327,78327.1,89044027,-4171.7,4.7e-05,UTC+8,"[-0.0505, -0.0528, -0.1143, -0.2328, 0.258, 0.1502]","[-0.052, -0.0008, -0.0505]"
1744039186298,BTC_USDT,78265.7,-0.0512,78277.6,78311.2,1897684269,14824290982.90891,86142.3,70480,74461.5,82780.1,78259.8,78261.6,89069977,-4231.8,4.7e-05,UTC+8,"[-0.0512, -0.0536, -0.1149, -0.2334, 0.257, 0.1493]","[-0.0528, -0.0015, -0.0512]"
1744039188289,BTC_USDT,78240.0,-0.0516,78254.9,78277.4,1897702086,14824430406.67687,86105.1,70449.6,74461.5,82780.1,78235.5,78242.0,89107277,-4257.5,4.7e-05,UTC+8,"[-0.0516, -0.0539, -0.1152, -0.2337, 0.2566, 0.149]","[-0.0531, -0.0019, -0.0516]"
1744039190305,BTC_USDT,78253.0,-0.0514,78248.4,78293.3,1897707569,14824473301.24424,86122.6,70463.9,74461.5,82780.1,78230.3,78230.4,89118343,-4244.5,4.7e-05,UTC+8,"[-0.0514, -0.0537, -0.1151, -0.2335, 0.2568, 0.1491]","[-0.0529, -0.0017, -0.0514]"
1744039192324,BTC_USDT,78240.3,-0.0516,78254.1,78298.8,1897711984,14824507845.68311,86128.6,70468.9,74461.5,82780.1,78242.7,78245.2,89124073,-4257.2,4.7e-05,UTC+8,"[-0.0516, -0.0539, -0.1152, -0.2337, 0.2566, 0.149]","[-0.0531, -0.0019, -0.0516]"
1744039194299,BTC_USDT,78294.0,-0.0509,78272.1,78323.7,1897719601,14824567471.91216,86156.0,70491.3,74461.5,82780.1,78292.6,78292.7,88821604,-4203.5,4.7e-05,UTC+8,"[-0.0509, -0.0532, -0.1146, -0.2331, 0.2575, 0.1497]","[-0.0524, -0.0012, -0.0509]"
1744039196303,BTC_USDT,78248.9,-0.0514,78284.2,78293.8,1897771015,14824969855.85535,86123.1,70464.4,74461.5,82780.1,78248.9,78249.0,88900869,-4248.6,4.7e-05,UTC+8,"[-0.0514, -0.0538, -0.1151, -0.2336, 0.2568, 0.1491]","[-0.053, -0.0017, -0.0514]"
1744039200387,BTC_USDT,78191.5,-0.0521,78222.5,78264.4,1897815660,14825319033.24569,86090.8,70437.9,74461.5,82780.1,78173.4,78176.8,88976562,-4306.0,4.7e-05,UTC+8,"[-0.0521, -0.0545, -0.1158, -0.2342, 0.2558, 0.1482]","[-0.0537, -0.0025, -0.0521]"
1744039202312,BTC_USDT,78203.3,-0.052,78207.7,78252.4,1897839054,14825501982.04907,86077.6,70427.1,74461.5,82780.1,78210.8,78210.9,88984750,-4294.2,4.7e-05,UTC+8,"[-0.052, -0.0543, -0.1156, -0.234, 0.256, 0.1484]","[-0.0535, -0.0023, -0.052]"
1744039204291,BTC_USDT,78228.9,-0.0517,78235.1,78263.0,1897851846,14825602060.99426,86089.3,70436.7,74461.5,82780.1,78208.2,78208.3,89012080,-4268.6,4.7e-05,UTC+8,"[-0.0517, -0.054, -0.1153, -0.2338, 0.2564, 0.1488]","[-0.0532, -0.002, -0.0517]"
1744039206310,BTC_USDT,78217.1,-0.0518,78214.9,78252.8,1897855342,14825629402.19987,86078.0,70427.5,74461.5,82780.1,78193.4,78195.2,89019144,-4280.4,4.7e-05,UTC+8,"[-0.0518, -0.0542, -0.1155, -0.2339, 0.2563, 0.1486]","[-0.0534, -0.0022, -0.0518]"
1744039208309,BTC_USDT,78273.5,-0.0512,78251.3,78291.6,1897910121,14826057864.79443,86120.7,70462.4,74461.5,82780.1,78261.5,78261.6,89170277,-4224.0,4.7e-05,UTC+8,"[-0.0512, -0.0535, -0.1148, -0.2333, 0.2572, 0.1494]","[-0.0527, -0.0014, -0.0512]"
1744039212293,BTC_USDT,78257.6,-0.0513,78260,78305.0,1897976474,14826576919.91744,86135.5,70474.5,74461.5,82780.1,78248.3,78248.4,89185977,-4239.9,4.7e-05,UTC+8,"[-0.0513, -0.0537, -0.115, -0.2335, 0.2569, 0.1492]","[-0.0529, -0.0016, -0.0513]"
1744039214294,BTC_USDT,78261.4,-0.0513,78262.3,78304.7,1897981686,14826617705.18641,86135.1,70474.2,74461.5,82780.1,78240.4,78240.5,88869728,-4236.1,4.7e-05,UTC+8,"[-0.0513, -0.0536, -0.115, -0.2335, 0.257, 0.1493]","[-0.0528, -0.0016, -0.0513]"
1744039216284,BTC_USDT,78317.6,-0.0506,78317.6,78345.8,1898075772,14827354358.93219,86180.3,70511.2,74461.5,82780.1,78317.5,78317.6,89124435,-4179.9,4.7e-05,UTC+8,"[-0.0506, -0.0529, -0.1143, -0.2329, 0.2579, 0.1501]","[-0.0521, -0.0009, -0.0506]"
1744039218300,BTC_USDT,78304.0,-0.0508,78299.1,78338.8,1898242486,14828659943.80033,86172.6,70504.9,74461.5,82780.1,78304,78304.1,89171219,-4193.5,4.7e-05,UTC+8,"[-0.0508, -0.0531, -0.1145, -0.2331, 0.2576, 0.1499]","[-0.0523, -0.001, -0.0508]"
1744039220299,BTC_USDT,78374.4,-0.0499,78370.7,78416.0,1898333755,14829374895.81873,86257.6,70574.4,74461.5,82780.1,78374.3,78374.4,89238636,-4123.1,4.7e-05,UTC+8,"[-0.0499, -0.0523, -0.1137, -0.2324, 0.2588, 0.1509]","[-0.0515, -0.0001, -0.0499]"
1744039222293,BTC_USDT,78384.6,-0.0498,78397.5,78435.0,1898491746,14830613392.35843,86278.5,70591.5,74461.5,82780.1,78384.6,78384.7,89265017,-4112.9,4.7e-05,UTC+8,"[-0.0498, -0.0521, -0.1136, -0.2323, 0.2589, 0.1511]","[-0.0513, 0.0, -0.0498]"
1744039226313,BTC_USDT,78355.0,-0.0502,78374,78406.4,1898692880,14832189858.91691,86247.0,70565.7,74461.5,82780.1,78352.5,78352.6,89411803,-4142.5,4.7e-05,UTC+8,"[-0.0502, -0.0525, -0.1139, -0.2326, 0.2585, 0.1506]","[-0.0517, -0.0004, -0.0502]"
1744039228303,BTC_USDT,78368.9,-0.05,78359.1,78404.1,1898733629,14832509170.93379,86244.5,70563.6,74461.5,82780.1,78354.5,78354.6,89078315,-4128.6,4.7e-05,UTC+8,"[-0.05, -0.0523, -0.1138, -0.2324, 0.2587, 0.1508]","[-0.0515, -0.0002, -0.05]"
1744039230293,BTC_USDT,78320.4,-0.0506,78330.1,78363.8,1898805138,14833069347.35199,86200.1,70527.4,74461.5,82780.1,78320.4,78320.5,89091072,-4177.1,4.7e-05,UTC+8,"[-0.0506, -0.0529, -0.1143, -0.2329, 0.2579, 0.1501]","[-0.0521, -0.0008, -0.0506]"
1744039232313,BTC_USDT,78300.2,-0.0508,78332.4,78356.6,1898855045,14833460185.51689,86192.2,70520.9,74461.5,82780.1,78305.3,78312.5,89091887,-4197.3,4.7e-05,UTC+8,"[-0.0508, -0.0532, -0.1145, -0.2331, 0.2576, 0.1498]","[-0.0523, -0.0011, -0.0508]"
1744039234314,BTC_USDT,78286.4,-0.051,78310.3,78349.1,1898871363,14833587958.56276,86184.0,70514.1,74461.5,82780.1,78297.6,78297.7,89102028,-4211.1,4.7e-05,UTC+8,"[-0.051, -0.0533, -0.1147, -0.2332, 0.2574, 0.1496]","[-0.0525, -0.0013, -0.051]"
1744039238299,BTC_USDT,78219.9,-0.0518,78228.3,78273.1,1899600518,14839297760.02969,86100.4,70445.7,74461.5,82780.1,78236.1,78236.2,90971937,-4277.6,4.7e-05,UTC+8,"[-0.0518, -0.0541, -0.1154, -0.2339, 0.2563, 0.1487]","[-0.0533, -0.0021, -0.0518]"
1744039240316,BTC_USDT,78200.0,-0.052,78231.1,78262.3,1899608277,14839358450.68082,86088.5,70436,74461.5,82780.1,78195.4,78195.5,90977093,-4297.5,4.7e-05,UTC+8,"[-0.052, -0.0544, -0.1157, -0.2341, 0.256, 0.1484]","[-0.0536, -0.0024, -0.052]"
1744039242307,BTC_USDT,78200.6,-0.052,78197.5,78242.3,1899677837,14839902314.17491,86066.5,70418,74461.5,82780.1,78202.2,78202.3,91060463,-4296.9,4.7e-05,UTC+8,"[-0.052, -0.0544, -0.1157, -0.2341, 0.256, 0.1484]","[-0.0536, -0.0024, -0.052]"
1744039244315,BTC_USDT,78286.1,-0.051,78273.8,78315.6,1899734742,14840347675.11606,86147.1,70484,74461.5,82780.1,78286,78286.1,91089814,-4211.4,4.7e-05,UTC+8,"[-0.051, -0.0533, -0.1147, -0.2332, 0.2574, 0.1496]","[-0.0525, -0.0013, -0.051]"
1744039246306,BTC_USDT,78280.0,-0.0511,78300.3,78340.7,1899756382,14840517107.4081,86174.7,70506.6,74461.5,82780.1,78287.8,78287.9,91102765,-4217.5,4.7e-05,UTC+8,"[-0.0511, -0.0534, -0.1148, -0.2333, 0.2573, 0.1495]","[-0.0526, -0.0014, -0.0511]"
1744039248312,BTC_USDT,78286.1,-0.051,78283.9,78329.3,1899765439,14840588013.38081,86162.2,70496.3,74461.5,82780.1,78286.1,78286.2,91124427,-4211.4,4.7e-05,UTC+8,"[-0.051, -0.0533, -0.1147, -0.2332, 0.2574, 0.1496]","[-0.0525, -0.0013, -0.051]"
1744039252304,BTC_USDT,78284.7,-0.051,78280.1,78320.7,1899774050,14840655415.8371,86152.7,70488.6,74461.5,82780.1,78290.4,78290.5,91137438,-4212.8,4.7e-05,UTC+8,"[-0.051, -0.0533, -0.1147, -0.2332, 0.2573, 0.1496]","[-0.0525, -0.0013, -0.051]"
1744039254289,BTC_USDT,78315.4,-0.0506,78313.7,78358.1,1899777661,14840683692.59906,86193.9,70522.2,74461.5,82780.1,78320.4,78320.5,91143771,-4182.1,4.7e-05,UTC+8,"[-0.0506, -0.053, -0.1144, -0.2329, 0.2578, 0.1501]","[-0.0522, -0.0009, -0.0506]"
1744039256308,BTC_USDT,78395.5,-0.0497,78405.4,78449.2,1899878430,14841473374.48661,86294.1,70604.2,74461.5,82780.1,78409.7,78409.8,89109896,-4102.0,4.7e-05,UTC+8,"[-0.0497, -0.052, -0.1135, -0.2322, 0.2591, 0.1512]","[-0.0512, 0.0, -0.0497]"
1744039258313,BTC_USDT,78508.4,-0.0483,78542.5,78538.2,1900086247,14843105602.86031,86392.0,70684.3,74461.5,82780.1,78507.4,78508.5,89246069,-3989.1,4.7e-05,UTC+8,"[-0.0483, -0.0506, -0.1122, -0.231, 0.2609, 0.1529]","[-0.0498, 0.0015, -0.0483]"
1744039260290,BTC_USDT,78509.0,-0.0483,78508.3,78552.5,1900265575,14844513570.62202,86407.7,70697.2,74461.5,82780.1,78512.2,78522.8,89718129,-3988.5,4.7e-05,UTC+8,"[-0.0483, -0.0506, -0.1122, -0.231, 0.2609, 0.1529]","[-0.0498, 0.0015, -0.0483]"
1744039264336,BTC_USDT,78566.8,-0.0476,78563.1,78609.8,1900308413,14844849857.91411,86470.7,70748.8,74461.5,82780.1,78562.8,78562.9,89747449,-3930.7,4.6e-05,UTC+8,"[-0.0476, -0.0499, -0.1115, -0.2305, 0.2619, 0.1538]","[-0.0491, 0.0022, -0.0476]"
1744039266316,BTC_USDT,78438.2,-0.0492,78513.8,78533.3,1900365829,14845300786.0903,86386.6,70679.9,74461.5,82780.1,78434.1,78434.2,89878653,-4059.3,4.6e-05,UTC+8,"[-0.0492, -0.0515, -0.113, -0.2317, 0.2598, 0.1519]","[-0.0507, 0.0006, -0.0492]"
1744039268310,BTC_USDT,78405.1,-0.0496,78426,78450.2,1900375816,14845379107.0871,86295.2,70605.1,74461.5,82780.1,78405.1,78405.2,89889163,-4092.4,4.6e-05,UTC+8,"[-0.0496, -0.0519, -0.1134, -0.2321, 0.2593, 0.1514]","[-0.0511, 0.0001, -0.0496]"
1744039270286,BTC_USDT,78352.0,-0.0502,78402.4,78407.4,1900395087,14845530111.32569,86248.1,70566.6,74461.5,82780.1,78353.6,78353.7,89479324,-4145.5,4.6e-05,UTC+8,"[-0.0502, -0.0525, -0.114, -0.2326, 0.2584, 0.1506]","[-0.0517, -0.0004, -0.0502]"
1744039272302,BTC_USDT,78328.0,-0.0505,78366,78393.6,1900403274,14845594257.59714,86232.9,70554.2,74461.5,82780.1,78328,78328.1,89449577,-4169.5,4.6e-05,UTC+8,"[-0.0505, -0.0528, -0.1142, -0.2328, 0.258, 0.1502]","[-0.052, -0.0007, -0.0505]"
1744039274307,BTC_USDT,78406.3,-0.0495,78400.1,78443.3,1900412592,14845667299.03591,86287.6,70598.9,74461.5,82780.1,78407.2,78407.3,89469335,-4091.2,4.6e-05,UTC+8,"[-0.0495, -0.0519, -0.1133, -0.232, 0.2593, 0.1514]","[-0.0511, 0.0002, -0.0495]"
1744039278306,BTC_USDT,78390.4,-0.0497,78419.3,78435.8,1900444259,14845915610.42146,86279.3,70592.2,74461.5,82780.1,78382.2,78382.3,89517723,-4107.1,4.6e-05,UTC+8,"[-0.0497, -0.0521, -0.1135, -0.2322, 0.259, 0.1512]","[-0.0513, 0.0, -0.0497]"
1744039280316,BTC_USDT,78320.6,-0.0506,78365.2,78360.2,1900451665,14845973643.7602,86196.2,70524.1,74461.5,82780.1,78325,78325.1,89535058,-4176.9,4.6e-05,UTC+8,"[-0.0506, -0.0529, -0.1143, -0.2329, 0.2579, 0.1501]","[-0.0521, -0.0008, -0.0506]"
1744039282306,BTC_USDT,78289.0,-0.051,78331.8,78367.8,1900475078,14846157059.41919,86204.5,70531,74461.5,82780.1,78294.4,78296.8,89543257,-4208.5,4.6e-05,UTC+8,"[-0.051, -0.0533, -0.1147, -0.2332, 0.2574, 0.1497]","[-0.0525, -0.0012, -0.051]"
1744039284311,BTC_USDT,78277.4,-0.0511,78266.8,78312.5,1900511587,14846442845.4662,86143.7,70481.2,74461.5,82780.1,78279.9,78280.0,89639112,-4220.1,4.6e-05,UTC+8,"[-0.0511, -0.0534, -0.1148, -0.2333, 0.2572, 0.1495]","[-0.0526, -0.0014, -0.0511]"
1744039286310,BTC_USDT,78267.4,-0.0512,78287.1,78310.7,1900515237,14846471420.73346,86141.7,70479.6,74461.5,82780.1,78262.2,78262.3,89645246,-4230.1,4.6e-05,UTC+8,"[-0.0512, -0.0535, -0.1149, -0.2334, 0.2571, 0.1494]","[-0.0527, -0.0015, -0.0512]"
1744039290308,BTC_USDT,78275.0,-0.0511,78280,78303.2,1900543443,14846692142.52103,86133.5,70472.8,74461.5,82780.1,78269.9,78270.0,89474817,-4222.5,4.6e-05,UTC+8,"[-0.0511, -0.0535, -0.1148, -0.2333, 0.2572, 0.1495]","[-0.0527, -0.0014, -0.0511]"
1744039292304,BTC_USDT,78251.7,-0.0514,78255.2,78291.4,1900545730,14846710037.66006,86120.5,70462.2,74461.5,82780.1,78251.7,78251.8,89474859,-4245.8,4.6e-05,UTC+8,"[-0.0514, -0.0537, -0.1151, -0.2336, 0.2568, 0.1491]","[-0.0529, -0.0017, -0.0514]"
1744039294301,BTC_USDT,78240.0,-0.0516,78246.4,78290.0,1901386668,14853289254.07825,86119.0,70461,74461.5,82780.1,78220.9,78221.0,91837316,-4257.5,4.6e-05,UTC+8,"[-0.0516, -0.0539, -0.1152, -0.2337, 0.2566, 0.149]","[-0.0531, -0.0019, -0.0516]"
1744039296303,BTC_USDT,78210.0,-0.0519,78200.6,78241.5,1901402518,14853413204.84759,86065.6,70417.3,74461.5,82780.1,78218.7,78218.8,91848289,-4287.5,4.6e-05,UTC+8,"[-0.0519, -0.0542, -0.1156, -0.234, 0.2561, 0.1485]","[-0.0534, -0.0022, -0.0519]"
1744039298319,BTC_USDT,78248.1,-0.0515,78241.4,78285.1,1901415292,14853513139.69706,86113.6,70456.5,74461.5,82780.1,78247.9,78248.0,91863174,-4249.4,4.6e-05,UTC+8,"[-0.0515, -0.0538, -0.1151, -0.2336, 0.2567, 0.1491]","[-0.053, -0.0018, -0.0515]"
1744039300321,BTC_USDT,78194.5,-0.0521,78199.1,78241.6,1901423620,14853578284.24313,86065.7,70417.4,74461.5,82780.1,78194.2,78194.3,91878842,-4303.0,4.6e-05,UTC+8,"[-0.0521, -0.0544, -0.1157, -0.2341, 0.2559, 0.1483]","[-0.0536, -0.0024, -0.0521]"
1744039304297,BTC_USDT,78200.0,-0.052,78196.1,78237.0,1901452644,14853805242.90413,86060.7,70413.3,74461.5,82780.1,78200,78200.1,91898577,-4297.5,4.6e-05,UTC+8,"[-0.052, -0.0544, -0.1157, -0.2341, 0.256, 0.1484]","[-0.0536, -0.0024, -0.052]"
1744039306296,BTC_USDT,78278.2,-0.0511,78265.5,78308.2,1901457131,14853840354.04948,86139.0,70477.3,74461.5,82780.1,78257.5,78257.6,91907504,-4219.3,4.6e-05,UTC+8,"[-0.0511, -0.0534, -0.1148, -0.2333, 0.2572, 0.1495]","[-0.0526, -0.0014, -0.0511]"
1744039308303,BTC_USDT,78206.9,-0.052,78256.4,78282.8,1901470935,14853948377.11479,86111.0,70454.5,74461.5,82780.1,78213.9,78214.0,91944717,-4290.6,4.6e-05,UTC+8,"[-0.052, -0.0543, -0.1156, -0.234, 0.2561, 0.1485]","[-0.0535, -0.0023, -0.052]"
1744039310311,BTC_USDT,78164.7,-0.0525,78206.2,78242.8,1901477453,14853999344.03063,86067.0,70418.5,74461.5,82780.1,78161.9,78162.0,91953481,-4332.8,4.6e-05,UTC+8,"[-0.0525, -0.0548, -0.1161, -0.2344, 0.2554, 0.1478]","[-0.054, -0.0028, -0.0525]"
1744039312310,BTC_USDT,78256.1,-0.0514,78249.5,78290.2,1901488595,14854086535.68255,86119.2,70461.1,74461.5,82780.1,78256,78256.1,91975602,-4241.4,4.6e-05,UTC+8,"[-0.0514, -0.0537, -0.115, -0.2335, 0.2569, 0.1492]","[-0.0529, -0.0017, -0.0514]"
1744039316314,BTC_USDT,78317.7,-0.0506,78317.5,78353.9,1901502577,14854195979.19625,86189.2,70518.5,74461.5,82780.1,78326.6,78326.7,89518175,-4179.8,4.6e-05,UTC+8,"[-0.0506, -0.0529, -0.1143, -0.2329, 0.2579, 0.1501]","[-0.0521, -0.0009, -0.0506]"
1744039318342,BTC_USDT,78366.5,-0.05,78360,78386.5,1901563958,14854676858.73092,86225.1,70547.8,74461.5,82780.1,78369,78369.5,89606932,-4131.0,4.6e-05,UTC+8,"[-0.05, -0.0524, -0.1138, -0.2324, 0.2587, 0.1508]","[-0.0515, -0.0002, -0.05]"
1744039320321,BTC_USDT,78361.4,-0.0501,78351.4,78395.7,1901569737,14854722143.55888,86235.2,70556.1,74461.5,82780.1,78362.6,78362.7,89617382,-4136.1,4.6e-05,UTC+8,"[-0.0501, -0.0524, -0.1138, -0.2325, 0.2586, 0.1507]","[-0.0516, -0.0003, -0.0501]"
1744039322317,BTC_USDT,78287.4,-0.051,78321.8,78330.9,1901583608,14854830746.89912,86163.9,70497.8,74461.5,82780.1,78279.3,78279.4,89655531,-4210.1,4.6e-05,UTC+8,"[-0.051, -0.0533, -0.1147, -0.2332, 0.2574, 0.1496]","[-0.0525, -0.0013, -0.051]"
1744039324292,BTC_USDT,78269.2,-0.0512,78283.9,78323.3,1901594592,14854916730.43721,86155.6,70490.9,74461.5,82780.1,78288.8,78288.9,89684513,-4228.3,4.6e-05,UTC+8,"[-0.0512, -0.0535, -0.1149, -0.2334, 0.2571, 0.1494]","[-0.0527, -0.0015, -0.0512]"
1744039326304,BTC_USDT,78279.8,-0.0511,78279.8,78317.1,1901611571,14855049639.261,86148.8,70485.3,74461.5,82780.1,78268.4,78269.2,89689667,-4217.7,4.6e-05,UTC+8,"[-0.0511, -0.0534, -0.1148, -0.2333, 0.2573, 0.1495]","[-0.0526, -0.0014, -0.0511]"
1744039330278,BTC_USDT,78240.8,-0.0515,78251.8,78294.1,1901648914,14855341839.93784,86123.5,70464.6,74461.5,82780.1,78240,78240.1,89590055,-4256.7,4.6e-05,UTC+8,"[-0.0515, -0.0539, -0.1152, -0.2337, 0.2566, 0.149]","[-0.0531, -0.0019, -0.0515]"
1744039332292,BTC_USDT,78278.8,-0.0511,78263,78307.5,1901693304,14855689261.24897,86138.2,70476.7,74461.5,82780.1,78291.5,78293.8,89616444,-4218.7,4.6e-05,UTC+8,"[-0.0511, -0.0534, -0.1148, -0.2333, 0.2572, 0.1495]","[-0.0526, -0.0014, -0.0511]"
1744039334299,BTC_USDT,78308.5,-0.0507,78308.5,78323.3,1901839917,14856837036.97213,86155.6,70490.9,74461.5,82780.1,78326.9,78327.0,89854330,-4189.0,4.6e-05,UTC+8,"[-0.0507, -0.0531, -0.1144, -0.233, 0.2577, 0.15]","[-0.0522, -0.001, -0.0507]"
1744039336324,BTC_USDT,78336.6,-0.0504,78337.3,78377.0,1901844993,14856876804.1038,86214.7,70539.3,74461.5,82780.1,78364.7,78364.8,89857407,-4160.9,4.6e-05,UTC+8,"[-0.0504, -0.0527, -0.1141, -0.2327, 0.2582, 0.1504]","[-0.0519, -0.0006, -0.0504]"
1744039338304,BTC_USDT,78249.2,-0.0514,78275,78291.3,1901869101,14857065655.51549,86120.4,70462.1,74461.5,82780.1,78251.8,78251.9,89867961,-4248.3,4.6e-05,UTC+8,"[-0.0514, -0.0538, -0.1151, -0.2336, 0.2568, 0.1491]","[-0.053, -0.0017, -0.0514]"
1744039342276,BTC_USDT,78200.0,-0.052,78220.1,78245.3,1901929680,14857539467.14339,86069.8,70420.7,74461.5,82780.1,78195.6,78195.7,89890031,-4297.5,4.6e-05,UTC+8,"[-0.052, -0.0544, -0.1157, -0.2341, 0.256, 0.1484]","[-0.0536, -0.0024, -0.052]"
1744039344314,BTC_USDT,78182.2,-0.0523,78182.2,78220.0,1901985153,14857973171.56739,86042.0,70398,74461.5,82780.1,78178.8,78178.9,89975570,-4315.3,4.6e-05,UTC+8,"[-0.0523, -0.0546, -0.1159, -0.2342, 0.2557, 0.1481]","[-0.0538, -0.0026, -0.0523]"
1744039346313,BTC_USDT,78179.8,-0.0523,78179.8,78213.6,1902026793,14858298689.71884,86034.9,70392.2,74461.5,82780.1,78172.3,78172.4,89983359,-4317.7,4.6e-05,UTC+8,"[-0.0523, -0.0546, -0.1159, -0.2343, 0.2557, 0.1481]","[-0.0538, -0.0026, -0.0523]"
1744039348319,BTC_USDT,78168.2,-0.0524,78170.6,78212.6,1902092269,14858810506.74847,86033.8,70391.3,74461.5,82780.1,78172,78172.1,89838821,-4329.3,4.6e-05,UTC+8,"[-0.0524, -0.0547, -0.116, -0.2344, 0.2555, 0.1479]","[-0.0539, -0.0028, -0.0524]"
1744039350306,BTC_USDT,78157.9,-0.0526,78174.3,78189.5,1902104633,14858907138.26145,86008.4,70370.5,74461.5,82780.1,78159.8,78159.9,89898185,-4339.6,4.6e-05,UTC+8,"[-0.0526, -0.0549, -0.1161, -0.2345, 0.2553, 0.1477]","[-0.0541, -0.0029, -0.0526]"
1744039354306,BTC_USDT,78136.9,-0.0528,78153.7,78189.7,1902269916,14860198955.43934,86008.6,70370.7,74461.5,82780.1,78130.6,78132.8,89936913,-4360.6,4.6e-05,UTC+8,"[-0.0528, -0.0551, -0.1164, -0.2347, 0.255, 0.1474]","[-0.0543, -0.0032, -0.0528]"
1744039356295,BTC_USDT,78097.6,-0.0533,78109.4,78139.8,1902318671,14860579737.56101,85953.7,70325.8,74461.5,82780.1,78103.8,78103.9,90042153,-4399.9,4.6e-05,UTC+8,"[-0.0533, -0.0556, -0.1168, -0.2351, 0.2543, 0.1469]","[-0.0548, -0.0037, -0.0533]"
1744039358309,BTC_USDT,78107.9,-0.0532,78109.1,78151.8,1902368355,14860967767.14068,85966.9,70336.6,74461.5,82780.1,78107.9,78108.0,90044393,-4389.6,4.6e-05,UTC+8,"[-0.0532, -0.0555, -0.1167, -0.235, 0.2545, 0.147]","[-0.0547, -0.0035, -0.0532]"
1744039360295,BTC_USDT,78095.7,-0.0533,78093.6,78133.8,1902447078,14861582492.64218,85947.1,70320.4,74461.5,82780.1,78100.9,78101.0,90055714,-4401.8,4.6e-05,UTC+8,"[-0.0533, -0.0556, -0.1169, -0.2351, 0.2543, 0.1468]","[-0.0548, -0.0037, -0.0533]"
1744039362306,BTC_USDT,78110.5,-0.0531,78113.7,78155.1,1902457975,14861667614.72384,85970.6,70339.5,74461.5,82780.1,78110.4,78110.5,90082774,-4387.0,4.6e-05,UTC+8,"[-0.0531, -0.0554, -0.1167, -0.2349, 0.2545, 0.147]","[-0.0546, -0.0035, -0.0531]"
1744039364294,BTC_USDT,78114.1,-0.0531,78128.1,78157.1,1902513777,14862103531.90335,85972.8,70341.3,74461.5,82780.1,78119.9,78120.0,90123859,-4383.4,4.6e-05,UTC+8,"[-0.0531, -0.0554, -0.1166, -0.2349, 0.2546, 0.1471]","[-0.0546, -0.0035, -0.0531]"
1744039368311,BTC_USDT,78182.8,-0.0523,78184.8,78226.4,1902594660,14862735806.22732,86049.0,70403.7,74461.5,82780.1,78175.5,78180.5,90226006,-4314.7,4.6e-05,UTC+8,"[-0.0523, -0.0546, -0.1159, -0.2342, 0.2557, 0.1481]","[-0.0538, -0.0026, -0.0523]"
1744039370298,BTC_USDT,78220.2,-0.0518,78221.4,78267.6,1902618593,14862922947.77529,86094.3,70440.8,74461.5,82780.1,78220.2,78220.3,90234430,-4277.3,4.6e-05,UTC+8,"[-0.0518, -0.0541, -0.1154, -0.2339, 0.2563, 0.1487]","[-0.0533, -0.0021, -0.0518]"
1744039372315,BTC_USDT,78244.6,-0.0515,78244.6,78285.3,1902697872,14863543048.22036,86113.8,70456.7,74461.5,82780.1,78222.5,78222.6,90355898,-4252.9,4.6e-05,UTC+8,"[-0.0515, -0.0538, -0.1152, -0.2336, 0.2567, 0.149]","[-0.053, -0.0018, -0.0515]"
1744039374286,BTC_USDT,78226.1,-0.0517,78250.8,78268.6,1902700564,14863564112.59316,86095.4,70441.7,74461.5,82780.1,78226.1,78226.2,90358851,-4271.4,4.6e-05,UTC+8,"[-0.0517, -0.054, -0.1154, -0.2338, 0.2564, 0.1487]","[-0.0532, -0.002, -0.0517]"
1744039376305,BTC_USDT,78213.9,-0.0519,78224.7,78259.4,1902721633,14863728924.49063,86085.3,70433.4,74461.5,82780.1,78205.6,78205.7,89979128,-4283.6,4.6e-05,UTC+8,"[-0.0519, -0.0542, -0.1155, -0.2339, 0.2562, 0.1486]","[-0.0534, -0.0022, -0.0519]"
1744039380323,BTC_USDT,78242.7,-0.0515,78240.4,78281.7,1902728877,14863785593.65903,86109.8,70453.5,74461.5,82780.1,78248.3,78248.4,89985453,-4254.8,4.6e-05,UTC+8,"[-0.0515, -0.0538, -0.1152, -0.2337, 0.2567, 0.149]","[-0.053, -0.0018, -0.0515]"
1744039382306,BTC_USDT,78224.5,-0.0517,78234.9,78270.7,1902760085,14864029873.54735,86097.7,70443.6,74461.5,82780.1,78224.4,78224.5,89989232,-4273.0,4.6e-05,UTC+8,"[-0.0517, -0.0541, -0.1154, -0.2338, 0.2564, 0.1487]","[-0.0533, -0.0021, -0.0517]"
1744039384284,BTC_USDT,78192.5,-0.0521,78211.4,78242.2,1902778723,14864175680.38362,86066.4,70417.9,74461.5,82780.1,78189.6,78189.7,89990831,-4305.0,4.6e-05,UTC+8,"[-0.0521, -0.0545, -0.1158, -0.2341, 0.2559, 0.1483]","[-0.0537, -0.0025, -0.0521]"
1744039386308,BTC_USDT,78191.0,-0.0522,78178.4,78220.2,1902806774,14864394958.33033,86042.2,70398.1,74461.5,82780.1,78191,78191.1,90006820,-4306.5,4.6e-05,UTC+8,"[-0.0522, -0.0545, -0.1158, -0.2342, 0.2558, 0.1482]","[-0.0537, -0.0025, -0.0522]"
1744039388285,BTC_USDT,78187.2,-0.0522,78203.1,78238.5,1902813158,14864444882.83863,86062.3,70414.6,74461.5,82780.1,78188.3,78188.4,89958955,-4310.3,4.6e-05,UTC+8,"[-0.0522, -0.0545, -0.1158, -0.2342, 0.2558, 0.1482]","[-0.0537, -0.0025, -0.0522]"
1744039392306,BTC_USDT,78271.3,-0.0512,78269.7,78311.6,1902850013,14864733124.55838,86142.7,70480.4,74461.5,82780.1,78257.8,78257.9,90021258,-4226.2,4.6e-05,UTC+8,"[-0.0512, -0.0535, -0.1149, -0.2334, 0.2571, 0.1494]","[-0.0527, -0.0015, -0.0512]"
1744039394318,BTC_USDT,78182.9,-0.0522,78207.9,78237.5,1902876085,14864937084.09928,86061.2,70413.7,74461.5,82780.1,78180.1,78180.2,90023396,-4314.6,4.6e-05,UTC+8,"[-0.0522, -0.0546, -0.1159, -0.2342, 0.2557, 0.1481]","[-0.0538, -0.0026, -0.0522]"
1744039396292,BTC_USDT,78127.6,-0.0529,78142,78175.6,1902970854,14865677721.28198,85993.1,70358,74461.5,82780.1,78148.7,78148.8,90114052,-4369.9,4.6e-05,UTC+8,"[-0.0529, -0.0552, -0.1165, -0.2348, 0.2548, 0.1473]","[-0.0544, -0.0033, -0.0529]"
1744039398289,BTC_USDT,78124.2,-0.053,78152.5,78170.0,1902971930,14865686129.14437,85987.0,70353,74461.5,82780.1,78130.2,78131.3,90117312,-4373.3,4.6e-05,UTC+8,"[-0.053, -0.0553, -0.1165, -0.2348, 0.2548, 0.1473]","[-0.0545, -0.0033, -0.053]"
1744039400297,BTC_USDT,78160.2,-0.0525,78155.7,78197.7,1902982009,14865764890.94908,86017.4,70377.9,74461.5,82780.1,78166.9,78167.0,90128485,-4337.3,4.6e-05,UTC+8,"[-0.0525, -0.0548, -0.1161, -0.2345, 0.2553, 0.1478]","[-0.054, -0.0029, -0.0525]"
1744039402284,BTC_USDT,78163.1,-0.0525,78172.1,78205.6,1903021983,14866077424.90589,86026.1,70385,74461.5,82780.1,78163,78166.3,90131168,-4334.4,4.6e-05,UTC+8,"[-0.0525, -0.0548, -0.1161, -0.2344, 0.2554, 0.1478]","[-0.054, -0.0028, -0.0525]"
1744039406294,BTC_USDT,78150.1,-0.0526,78172.4,78191.4,1903053373,14866322764.859,86010.5,70372.2,74461.5,82780.1,78150,78150.1,90168291,-4347.4,4.6e-05,UTC+8,"[-0.0526, -0.055, -0.1162, -0.2346, 0.2552, 0.1476]","[-0.0542, -0.003, -0.0526]"
1744039408320,BTC_USDT,78128.4,-0.0529,78133.3,78173.6,1903093961,14866639994.61455,85990.9,70356.2,74461.5,82780.1,78129.1,78129.2,90174976,-4369.1,4.6e-05,UTC+8,"[-0.0529, -0.0552, -0.1165, -0.2348, 0.2548, 0.1473]","[-0.0544, -0.0033, -0.0529]"
1744039410283,BTC_USDT,78151.6,-0.0526,78151.9,78194.0,1903119293,14866837950.3305,86013.4,70374.6,74461.5,82780.1,78151.4,78153.7,90217615,-4345.9,4.6e-05,UTC+8,"[-0.0526, -0.0549, -0.1162, -0.2345, 0.2552, 0.1477]","[-0.0541, -0.003, -0.0526]"
1744039412312,BTC_USDT,78116.8,-0.0531,78150.1,78168.9,1903122553,14866863427.71375,85985.7,70352,74461.5,82780.1,78101.4,78101.5,90226467,-4380.7,4.6e-05,UTC+8,"[-0.0531, -0.0554, -0.1166, -0.2349, 0.2546, 0.1471]","[-0.0546, -0.0034, -0.0531]"
1744039414303,BTC_USDT,78055.5,-0.0538,78085.5,78086.7,1903214474,14867581027.65373,85895.3,70278,74461.5,82780.1,78062.7,78063.6,90308021,-4442.0,4.6e-05,UTC+8,"[-0.0538, -0.0561, -0.1173, -0.2355, 0.2537, 0.1462]","[-0.0553, -0.0042, -0.0538]"
1744039418289,BTC_USDT,78047.2,-0.0539,78049.2,78086.7,1903297671,14868230432.50193,85895.3,70278,74461.5,82780.1,78047.2,78047.3,89940060,-4450.3,4.6e-05,UTC+8,"[-0.0539, -0.0562, -0.1174, -0.2356, 0.2535, 0.1461]","[-0.0554, -0.0043, -0.0539]"
1744039420311,BTC_USDT,78070.3,-0.0536,78070.6,78108.1,1903335830,14868528339.81726,85918.9,70297.2,74461.5,82780.1,78070.3,78070.4,89960818,-4427.2,4.6e-05,UTC+8,"[-0.0536, -0.0559, -0.1171, -0.2353, 0.2539, 0.1465]","[-0.0551, -0.004, -0.0536]"
1744039422303,BTC_USDT,78061.2,-0.0537,78087.5,78098.0,1903380191,14868874643.34873,85907.8,70288.2,74461.5,82780.1,78061.2,78061.3,89967264,-4436.3,4.6e-05,UTC+8,"[-0.0537, -0.056, -0.1172, -0.2354, 0.2537, 0.1463]","[-0.0552, -0.0041, -0.0537]"
1744039424282,BTC_USDT,78051.3,-0.0538,78061.3,78099.1,1903404583,14869065052.42483,85909.0,70289.1,74461.5,82780.1,78048.2,78048.3,89989314,-4446.2,4.6e-05,UTC+8,"[-0.0538, -0.0562, -0.1174, -0.2355, 0.2536, 0.1462]","[-0.0554, -0.0043, -0.0538]"
1744039426308,BTC_USDT,78059.6,-0.0537,78059.6,78096.5,1903416843,14869160749.40562,85906.1,70286.8,74461.5,82780.1,78042.8,78042.9,90009939,-4437.9,4.6e-05,UTC+8,"[-0.0537, -0.0561, -0.1173, -0.2354, 0.2537, 0.1463]","[-0.0553, -0.0042, -0.0537]"
1744039430300,BTC_USDT,78060.2,-0.0537,78077.6,78094.6,1903455616,14869463425.86317,85904.0,70285.1,74461.5,82780.1,78054,78054.1,90065083,-4437.3,4.6e-05,UTC+8,"[-0.0537, -0.0561, -0.1173, -0.2354, 0.2537, 0.1463]","[-0.0553, -0.0042, -0.0537]"
1744039432306,BTC_USDT,78053.6,-0.0538,78061,78089.1,1903476655,14869627651.1965,85898.0,70280.1,74461.5,82780.1,78053.5,78053.6,90070933,-4443.9,4.6e-05,UTC+8,"[-0.0538, -0.0561, -0.1173, -0.2355, 0.2536, 0.1462]","[-0.0553, -0.0042, -0.0538]"
1744039434301,BTC_USDT,78064.0,-0.0537,78070,78105.4,1903485021,14869692959.10852,85915.9,70294.8,74461.5,82780.1,78064.3,78066.1,90012100,-4433.5,4.6e-05,UTC+8,"[-0.0537, -0.056, -0.1172, -0.2354, 0.2538, 0.1464]","[-0.0552, -0.0041, -0.0537]"
1744039436287,BTC_USDT,78083.7,-0.0535,78106.7,78124.3,1903538582,14870111286.0737,85936.7,70311.8,74461.5,82780.1,78077.5,78077.6,90102804,-4413.8,4.6e-05,UTC+8,"[-0.0535, -0.0558, -0.117, -0.2352, 0.2541, 0.1467]","[-0.055, -0.0039, -0.0535]"
1744039438309,BTC_USDT,78072.5,-0.0536,78080.2,78108.3,1903545588,14870165987.40267,85919.1,70297.4,74461.5,82780.1,78073.9,78074.0,90108972,-4425.0,4.6e-05,UTC+8,"[-0.0536, -0.0559, -0.1171, -0.2353, 0.2539, 0.1465]","[-0.0551, -0.004, -0.0536]"
1744039442287,BTC_USDT,78042.5,-0.054,78086.7,78085.8,1903576126,14870404448.34029,85894.3,70277.2,74461.5,82780.1,78042.4,78042.5,90124910,-4455.0,4.6e-05,UTC+8,"[-0.054, -0.0563, -0.1175, -0.2356, 0.2534, 0.1461]","[-0.0555, -0.0044, -0.054]"
1744039444327,BTC_USDT,78027.5,-0.0541,78028.1,78069.4,1903580471,14870438354.76866,85876.3,70262.4,74461.5,82780.1,78038.3,78038.4,90130258,-4470.0,4.6e-05,UTC+8,"[-0.0541, -0.0564, -0.1176, -0.2358, 0.2532, 0.1458]","[-0.0557, -0.0046, -0.0541]"
1744039446298,BTC_USDT,78033.6,-0.0541,78029.7,78069.2,1903622839,14870768957.31244,85876.1,70262.2,74461.5,82780.1,78037.7,78037.8,90171944,-4463.9,4.6e-05,UTC+8,"[-0.0541, -0.0564, -0.1176, -0.2357, 0.2533, 0.1459]","[-0.0556, -0.0045, -0.0541]"
1744039448288,BTC_USDT,78046.8,-0.0539,78041.5,78071.4,1903656491,14871031565.33276,85878.5,70264.2,74461.5,82780.1,78047.1,78047.2,90210860,-4450.7,4.6e-05,UTC+8,"[-0.0539, -0.0562, -0.1174, -0.2356, 0.2535, 0.1461]","[-0.0554, -0.0043, -0.0539]"
1744039450331,BTC_USDT,77991.0,-0.0546,78030.1,78034.6,1903687919,14871276706.03455,85838.0,70231.1,74461.5,82780.1,77990.9,77991.0,90257146,-4506.5,4.6e-05,UTC+8,"[-0.0546, -0.0569, -0.118, -0.2361, 0.2526, 0.1453]","[-0.0561, -0.005, -0.0546]"
1744039452312,BTC_USDT,77983.7,-0.0547,77982.8,78023.5,1903741001,14871690677.65672,85825.8,70221.1,74461.5,82780.1,77980.1,77980.2,90265124,-4513.8,4.6e-05,UTC+8,"[-0.0547, -0.057, -0.1181, -0.2362, 0.2525, 0.1452]","[-0.0562, -0.0051, -0.0547]"
1744039456288,BTC_USDT,77938.8,-0.0552,77942.2,77979.6,1904077294,14874312469.66549,85777.5,70181.6,74461.5,82780.1,77938.7,77938.8,89735385,-4558.7,4.6e-05,UTC+8,"[-0.0552, -0.0575, -0.1186, -0.2366, 0.2518, 0.1445]","[-0.0567, -0.0057, -0.0552]"
1744039458313,BTC_USDT,77960.1,-0.055,77959.9,77997.9,1904137955,14874785313.91454,85797.6,70198.1,74461.5,82780.1,77961.9,77966.3,89743931,-4537.4,4.6e-05,UTC+8,"[-0.055, -0.0573, -0.1184, -0.2364, 0.2521, 0.1448]","[-0.0565, -0.0054, -0.055]"
1744039460304,BTC_USDT,77943.1,-0.0552,77967.2,77984.4,1904166202,14875005524.19895,85782.8,70185.9,74461.5,82780.1,77943,77943.1,89770870,-4554.4,4.6e-05,UTC+8,"[-0.0552, -0.0575, -0.1186, -0.2366, 0.2519, 0.1446]","[-0.0567, -0.0056, -0.0552]"
1744039462304,BTC_USDT,77956.8,-0.055,77956.8,77995.2,1904229052,14875495360.97131,85794.7,70195.6,74461.5,82780.1,77956.8,77956.9,89786421,-4540.7,4.6e-05,UTC+8,"[-0.055, -0.0573, -0.1184, -0.2365, 0.2521, 0.1448]","[-0.0565, -0.0055, -0.055]"
1744039464303,BTC_USDT,77942.5,-0.0552,77953.2,77977.2,1904261440,14875747830.20091,85774.9,70179.4,74461.5,82780.1,77942.5,77942.6,89798253,-4555.0,4.6e-05,UTC+8,"[-0.0552, -0.0575, -0.1186, -0.2366, 0.2518, 0.1446]","[-0.0567, -0.0057, -0.0552]"
1744039468305,BTC_USDT,77940.5,-0.0552,77941.5,77976.0,1904336633,14876333865.10879,85773.6,70178.4,74461.5,82780.1,77931.4,77931.5,89681329,-4557.0,4.6e-05,UTC+8,"[-0.0552, -0.0575, -0.1186, -0.2366, 0.2518, 0.1446]","[-0.0567, -0.0057, -0.0552]"
1744039470295,BTC_USDT,77967.5,-0.0549,77940.5,77982.0,1904436044,14877108798.72805,85780.2,70183.8,74461.5,82780.1,77969.9,77970.0,89714667,-4530.0,4.6e-05,UTC+8,"[-0.0549, -0.0572, -0.1183, -0.2363, 0.2522, 0.1449]","[-0.0564, -0.0053, -0.0549]"
1744039472307,BTC_USDT,77955.0,-0.055,77960.1,77986.7,1904486522,14877502372.82245,85785.3,70188,74461.5,82780.1,77948.4,77949.5,89716277,-4542.5,4.6e-05,UTC+8,"[-0.055, -0.0573, -0.1184, -0.2365, 0.252, 0.1448]","[-0.0565, -0.0055, -0.055]"
1744039474308,BTC_USDT,77932.7,-0.0553,77938.1,77978.8,1904538137,14877904690.97688,85776.6,70180.9,74461.5,82780.1,77925.3,77925.4,89720818,-4564.8,4.6e-05,UTC+8,"[-0.0553, -0.0576, -0.1187, -0.2367, 0.2517, 0.1444]","[-0.0568, -0.0058, -0.0553]"
1744039476313,BTC_USDT,77909.0,-0.0556,77937.9,77948.6,1904584553,14878266396.64154,85743.4,70153.7,74461.5,82780.1,77902.8,77902.9,89756814,-4588.5,4.6e-05,UTC+8,"[-0.0556, -0.0579, -0.119, -0.2369, 0.2513, 0.1441]","[-0.0571, -0.0061, -0.0556]"
1744039480329,BTC_USDT,77892.6,-0.0558,77892.4,77930.9,1904699365,14879160766.63531,85723.9,70137.8,74461.5,82780.1,77892.5,77892.6,89910136,-4604.9,4.6e-05,UTC+8,"[-0.0558, -0.0581, -0.1191, -0.2371, 0.251, 0.1438]","[-0.0573, -0.0063, -0.0558]"
1744039482302,BTC_USDT,77915.2,-0.0555,77911.9,77956.5,1904743551,14879504950.32194,85752.1,70160.8,74461.5,82780.1,77918.9,77919.0,89911378,-4582.3,4.6e-05,UTC+8,"[-0.0555, -0.0578, -0.1189, -0.2369, 0.2514, 0.1442]","[-0.057, -0.006, -0.0555]"
1744039484294,BTC_USDT,77919.4,-0.0554,77932.4,77960.5,1904829961,14880178289.32885,85756.5,70164.4,74461.5,82780.1,77918.5,77923.9,89966828,-4578.1,4.6e-05,UTC+8,"[-0.0554, -0.0578, -0.1188, -0.2368, 0.2515, 0.1442]","[-0.057, -0.006, -0.0554]"
1744039486304,BTC_USDT,77931.1,-0.0553,77963.4,77971.9,1904944574,14881071624.85669,85769.0,70174.7,74461.5,82780.1,77932,77932.1,90044876,-4566.4,4.6e-05,UTC+8,"[-0.0553, -0.0576, -0.1187, -0.2367, 0.2517, 0.1444]","[-0.0568, -0.0058, -0.0553]"
1744039488295,BTC_USDT,77954.4,-0.055,77953.7,77985.0,1904958370,14881179155.83224,85783.5,70186.5,74461.5,82780.1,77939.3,77939.4,90054495,-4543.1,4.6e-05,UTC+8,"[-0.055, -0.0573, -0.1185, -0.2365, 0.252, 0.1448]","[-0.0565, -0.0055, -0.055]"
1744039490309,BTC_USDT,78000.1,-0.0545,78004,78033.7,1904963377,14881218203.70672,85837.0,70230.3,74461.5,82780.1,77991.1,77991.2,90058962,-4497.4,4.6e-05,UTC+8,"[-0.0545, -0.0568, -0.1179, -0.236, 0.2528, 0.1454]","[-0.056, -0.0049, -0.0545]"
1744039494305,BTC_USDT,77933.5,-0.0553,77956.4,77966.4,1905045235,14881856485.83453,85763.0,70169.7,74461.5,82780.1,77925.7,77925.8,89736737,-4564.0,4.6e-05,UTC+8,"[-0.0553, -0.0576, -0.1187, -0.2367, 0.2517, 0.1445]","[-0.0568, -0.0058, -0.0553]"
1744039496311,BTC_USDT,77902.8,-0.0556,77925.7,77952.1,1905057885,14881955039.08199,85747.3,70156.8,74461.5,82780.1,77902.8,77902.9,89757045,-4594.7,4.6e-05,UTC+8,"[-0.0556, -0.058, -0.119, -0.237, 0.2512, 0.144]","[-0.0572, -0.0062, -0.0556]"
1744039498316,BTC_USDT,77930.0,-0.0553,77914.9,77952.7,1905086771,14882180097.59887,85747.9,70157.4,74461.5,82780.1,77929.9,77937.5,89758284,-4567.5,4.6e-05,UTC+8,"[-0.0553, -0.0576, -0.1187, -0.2367, 0.2516, 0.1444]","[-0.0568, -0.0058, -0.0553]"
1744039500421,BTC_USDT,77953.9,-0.055,77945.7,77986.6,1905094136,14882237499.61556,85785.2,70187.9,74461.5,82780.1,77953.9,77954.0,89768234,-4543.6,4.6e-05,UTC+8,"[-0.055, -0.0573, -0.1185, -0.2365, 0.252, 0.1448]","[-0.0565, -0.0055, -0.055]"
1744039502317,BTC_USDT,78020.0,-0.0542,77978.7,78020.8,1905106477,14882333750.83678,85822.8,70218.7,74461.5,82780.1,78014.9,78015.0,89793207,-4477.5,4.6e-05,UTC+8,"[-0.0542, -0.0565, -0.1177, -0.2358, 0.2531, 0.1457]","[-0.0557, -0.0047, -0.0542]"
1744039504304,BTC_USDT,77974.4,-0.0548,77982.6,78013.2,1905179877,14882906070.76561,85814.5,70211.8,74461.5,82780.1,77974.3,77975.9,89891405,-4523.1,4.6e-05,UTC+8,"[-0.0548, -0.0571, -0.1182, -0.2363, 0.2524, 0.1451]","[-0.0563, -0.0052, -0.0548]"
1744039508291,BTC_USDT,78055.9,-0.0538,78037.1,78072.2,1905220157,14883220342.19169,85879.4,70264.9,74461.5,82780.1,78055.8,78055.9,89952756,-4441.6,4.6e-05,UTC+8,"[-0.0538, -0.0561, -0.1173, -0.2355, 0.2537, 0.1462]","[-0.0553, -0.0042, -0.0538]"
1744039510312,BTC_USDT,78080.0,-0.0535,78051.3,78092.1,1905277925,14883671316.39303,85901.3,70282.8,74461.5,82780.1,78075.4,78075.5,89998789,-4417.5,4.6e-05,UTC+8,"[-0.0535, -0.0558, -0.117, -0.2352, 0.254, 0.1466]","[-0.055, -0.0039, -0.0535]"
1744039512308,BTC_USDT,78097.4,-0.0533,78118,78153.2,1905305829,14883889271.55675,85968.5,70337.8,74461.5,82780.1,78097.3,78097.4,90011336,-4400.1,4.6e-05,UTC+8,"[-0.0533, -0.0556, -0.1168, -0.2351, 0.2543, 0.1469]","[-0.0548, -0.0037, -0.0533]"
1744039514281,BTC_USDT,78103.0,-0.0532,78124.5,78157.3,1905361579,14884324796.13797,85973.0,70341.5,74461.5,82780.1,78102.4,78102.5,89752855,-4394.5,4.6e-05,UTC+8,"[-0.0532, -0.0555, -0.1168, -0.235, 0.2544, 0.1469]","[-0.0547, -0.0036, -0.0532]"
1744039516311,BTC_USDT,78147.3,-0.0527,78136.1,78163.6,1905398789,14884615482.93099,85979.9,70347.2,74461.5,82780.1,78147.2,78147.3,89800192,-4350.2,4.6e-05,UTC+8,"[-0.0527, -0.055, -0.1163, -0.2346, 0.2551, 0.1476]","[-0.0542, -0.003, -0.0527]"
1744039520299,BTC_USDT,78158.2,-0.0525,78166.3,78199.9,1905517731,14885545116.25851,86019.8,70379.9,74461.5,82780.1,78160,78160.1,89984396,-4339.3,4.6e-05,UTC+8,"[-0.0525, -0.0549, -0.1161, -0.2345, 0.2553, 0.1478]","[-0.0541, -0.0029, -0.0525]"
1744039522293,BTC_USDT,78196.4,-0.0521,78174.7,78215.1,1905567353,14885932978.59004,86036.6,70393.5,74461.5,82780.1,78196.3,78196.4,90020061,-4301.1,4.6e-05,UTC+8,"[-0.0521, -0.0544, -0.1157, -0.2341, 0.2559, 0.1483]","[-0.0536, -0.0024, -0.0521]"
1744039524292,BTC_USDT,78174.0,-0.0524,78205.1,78224.9,1905645926,14886547397.85845,86047.3,70402.4,74461.5,82780.1,78172.3,78173.6,90032335,-4323.5,4.6e-05,UTC+8,"[-0.0524, -0.0547, -0.116, -0.2343, 0.2556, 0.148]","[-0.0539, -0.0027, -0.0524]"
1744039526289,BTC_USDT,78157.2,-0.0526,78162.3,78203.1,1905650961,14886586753.80306,86023.4,70382.7,74461.5,82780.1,78172.8,78172.9,90042541,-4340.3,4.6e-05,UTC+8,"[-0.0526, -0.0549, -0.1162, -0.2345, 0.2553, 0.1477]","[-0.0541, -0.0029, -0.0526]"
1744039528307,BTC_USDT,78160.1,-0.0525,78165.9,78206.4,1905749533,14887357403.69289,86027.0,70385.7,74461.5,82780.1,78160,78160.1,90044291,-4337.4,4.6e-05,UTC+8,"[-0.0525, -0.0548, -0.1161, -0.2345, 0.2553, 0.1478]","[-0.054, -0.0029, -0.0525]"
1744039530297,BTC_USDT,78178.0,-0.0523,78197.8,78238.3,1905812822,14887852114.59663,86062.1,70414.4,74461.5,82780.1,78162.1,78162.2,90075817,-4319.5,4.6e-05,UTC+8,"[-0.0523, -0.0546, -0.1159, -0.2343, 0.2556, 0.148]","[-0.0538, -0.0027, -0.0523]"
1744039534300,BTC_USDT,78094.3,-0.0533,78104.2,78144.9,1905909280,14888605564.70952,85959.3,70330.4,74461.5,82780.1,78094.2,78094.3,89832527,-4403.2,4.6e-05,UTC+8,"[-0.0533, -0.0556, -0.1169, -0.2351, 0.2543, 0.1468]","[-0.0548, -0.0037, -0.0533]"
1744039536290,BTC_USDT,78080.0,-0.0535,78088.3,78128.9,1905919937,14888688789.70684,85941.7,70316,74461.5,82780.1,78066.9,78067.0,89832875,-4417.5,4.6e-05,UTC+8,"[-0.0535, -0.0558, -0.117, -0.2352, 0.254, 0.1466]","[-0.055, -0.0039, -0.0535]"
1744039538305,BTC_USDT,78072.6,-0.0536,78098.2,78136.0,1905921562,14888701478.75004,85949.6,70322.4,74461.5,82780.1,78083.3,78083.4,89835610,-4424.9,4.6e-05,UTC+8,"[-0.0536, -0.0559, -0.1171, -0.2353, 0.2539, 0.1465]","[-0.0551, -0.004, -0.0536]"
1744039540302,BTC_USDT,78099.8,-0.0533,78109.7,78143.2,1905926586,14888740716.67316,85957.5,70328.8,74461.5,82780.1,78099.5,78099.6,89846836,-4397.7,4.6e-05,UTC+8,"[-0.0533, -0.0556, -0.1168, -0.2351, 0.2544, 0.1469]","[-0.0548, -0.0036, -0.0533]"
1744039542286,BTC_USDT,78098.6,-0.0533,78119.1,78159.4,1906007018,14889368936.41432,85975.3,70343.4,74461.5,82780.1,78094.2,78095.7,89898250,-4398.9,4.6e-05,UTC+8,"[-0.0533, -0.0556, -0.1168, -0.2351, 0.2543, 0.1469]","[-0.0548, -0.0037, -0.0533]"
1744039546297,BTC_USDT,78087.6,-0.0534,78103.8,78141.3,1906025483,14889513135.09146,85955.4,70327.1,74461.5,82780.1,78084.9,78085.0,89911353,-4409.9,4.6e-05,UTC+8,"[-0.0534, -0.0557, -0.1169, -0.2352, 0.2542, 0.1467]","[-0.0549, -0.0038, -0.0534]"
1744039548295,BTC_USDT,78093.2,-0.0533,78094.4,78133.3,1906038990,14889618609.78258,85946.6,70319.9,74461.5,82780.1,78085.7,78085.8,89840403,-4404.3,4.6e-05,UTC+8,"[-0.0533, -0.0557, -0.1169, -0.2351, 0.2543, 0.1468]","[-0.0549, -0.0037, -0.0533]"
1744039550299,BTC_USDT,78059.4,-0.0537,78085.8,78103.6,1906043764,14889655884.4574,85913.9,70293.2,74461.5,82780.1,78053.2,78053.3,89849078,-4438.1,4.6e-05,UTC+8,"[-0.0537, -0.0561, -0.1173, -0.2354, 0.2537, 0.1463]","[-0.0553, -0.0042, -0.0537]"
1744039552297,BTC_USDT,78066.0,-0.0537,78083.8,78120.6,1906082101,14889955197.85991,85932.6,70308.5,74461.5,82780.1,78062,78062.1,89890747,-4431.5,4.6e-05,UTC+8,"[-0.0537, -0.056, -0.1172, -0.2354, 0.2538, 0.1464]","[-0.0552, -0.0041, -0.0537]"
1744039554303,BTC_USDT,78070.1,-0.0536,78061,78101.3,1906110670,14890178213.25938,85911.4,70291.1,74461.5,82780.1,78056.7,78056.8,89891422,-4427.4,4.6e-05,UTC+8,"[-0.0536, -0.0559, -0.1171, -0.2353, 0.2539, 0.1465]","[-0.0551, -0.004, -0.0536]"
1744039556302,BTC_USDT,78060.3,-0.0537,78068,78108.1,1906114828,14890210673.45766,85918.9,70297.2,74461.5,82780.1,78061.3,78061.4,89893726,-4437.2,4.6e-05,UTC+8,"[-0.0537, -0.0561, -0.1173, -0.2354, 0.2537, 0.1463]","[-0.0553, -0.0042, -0.0537]"
1744039560319,BTC_USDT,78120.3,-0.053,78092.4,78132.6,1906119166,14890244547.8143,85945.8,70319.3,74461.5,82780.1,78135.4,78136.4,89897061,-4377.2,4.6e-05,UTC+8,"[-0.053, -0.0553, -0.1166, -0.2348, 0.2547, 0.1472]","[-0.0545, -0.0034, -0.053]"
1744039562313,BTC_USDT,78123.9,-0.053,78111.5,78135.4,1906144119,14890439445.52442,85948.9,70321.8,74461.5,82780.1,78120.2,78120.3,89964459,-4373.6,4.5e-05,UTC+8,"[-0.053, -0.0553, -0.1165, -0.2348, 0.2548, 0.1472]","[-0.0545, -0.0033, -0.053]"
1744039564316,BTC_USDT,78162.4,-0.0525,78199,78224.7,1906420778,14892602377.32382,86047.1,70402.2,74461.5,82780.1,78162.1,78162.2,90298743,-4335.1,4.5e-05,UTC+8,"[-0.0525, -0.0548, -0.1161, -0.2344, 0.2554, 0.1478]","[-0.054, -0.0029, -0.0525]"
1744039566293,BTC_USDT,78182.9,-0.0522,78197.9,78237.1,1906427325,14892653567.31939,86060.8,70413.3,74461.5,82780.1,78182.2,78184.0,90304627,-4314.6,4.5e-05,UTC+8,"[-0.0522, -0.0546, -0.1159, -0.2342, 0.2557, 0.1481]","[-0.0538, -0.0026, -0.0522]"
1744039568300,BTC_USDT,78142.5,-0.0527,78179.5,78194.3,1906435117,14892714479.97396,86013.7,70374.8,74461.5,82780.1,78142.4,78142.5,90315982,-4355.0,4.5e-05,UTC+8,"[-0.0527, -0.0551, -0.1163, -0.2346, 0.2551, 0.1475]","[-0.0543, -0.0031, -0.0527]"
1744039572307,BTC_USDT,78050.0,-0.0539,78082.3,78122.5,1906540956,14893541409.94149,85934.7,70310.2,74461.5,82780.1,78051.3,78051.4,89678800,-4447.5,4.5e-05,UTC+8,"[-0.0539, -0.0562, -0.1174, -0.2355, 0.2536, 0.1462]","[-0.0554, -0.0043, -0.0539]"
1744039574293,BTC_USDT,78035.7,-0.054,78045.3,78085.4,1906550816,14893618367.80335,85893.9,70276.8,74461.5,82780.1,78031.9,78032.0,89681194,-4461.8,4.5e-05,UTC+8,"[-0.054, -0.0564, -0.1175, -0.2357, 0.2533, 0.146]","[-0.0556, -0.0045, -0.054]"
1744039576319,BTC_USDT,77995.7,-0.0545,78027,78038.8,1906650793,14894398282.66196,85842.6,70234.9,74461.5,82780.1,77969.2,77969.3,89818716,-4501.8,4.5e-05,UTC+8,"[-0.0545, -0.0568, -0.118, -0.2361, 0.2527, 0.1454]","[-0.056, -0.005, -0.0545]"
1744039578291,BTC_USDT,77978.2,-0.0547,77954,77996.9,1906679213,14894619850.75621,85796.5,70197.2,74461.5,82780.1,77978.1,77978.2,89830271,-4519.3,4.5e-05,UTC+8,"[-0.0547, -0.057, -0.1182, -0.2362, 0.2524, 0.1451]","[-0.0562, -0.0052, -0.0547]"
1744039580300,BTC_USDT,78004.9,-0.0544,78004.9,78037.1,1906682442,14894645032.74714,85840.8,70233.3,74461.5,82780.1,78004.9,78005.0,89832173,-4492.6,4.5e-05,UTC+8,"[-0.0544, -0.0567, -0.1179, -0.236, 0.2528, 0.1455]","[-0.0559, -0.0049, -0.0544]"
1744039584299,BTC_USDT,78017.6,-0.0543,78022.5,78062.3,1906710572,14894864501.24949,85868.5,70256,74461.5,82780.1,78013.6,78013.7,89857924,-4479.9,4.5e-05,UTC+8,"[-0.0543, -0.0566, -0.1177, -0.2359, 0.253, 0.1457]","[-0.0558, -0.0047, -0.0543]"
1744039586294,BTC_USDT,78055.0,-0.0538,78046,78082.0,1906711406,14894871009.64124,85890.2,70273.8,74461.5,82780.1,78049.9,78050.0,89860242,-4442.5,4.5e-05,UTC+8,"[-0.0538, -0.0561, -0.1173, -0.2355, 0.2536, 0.1462]","[-0.0553, -0.0042, -0.0538]"
1744039588329,BTC_USDT,78030.1,-0.0541,78031.4,78071.4,1906717491,14894918498.5833,85878.5,70264.2,74461.5,82780.1,78031.8,78031.9,89867450,-4467.4,4.5e-05,UTC+8,"[-0.0541, -0.0564, -0.1176, -0.2357, 0.2532, 0.1459]","[-0.0556, -0.0045, -0.0541]"
1744039590298,BTC_USDT,78010.1,-0.0543,78031,78067.8,1906731461,14895027507.10046,85874.5,70261,74461.5,82780.1,78010,78010.1,89869819,-4487.4,4.5e-05,UTC+8,"[-0.0543, -0.0567, -0.1178, -0.2359, 0.2529, 0.1456]","[-0.0559, -0.0048, -0.0543]"
1744039592303,BTC_USDT,78019.6,-0.0542,78023.8,78057.1,1906734394,14895050390.26053,85862.8,70251.3,74461.5,82780.1,78020.7,78020.8,89875444,-4477.9,4.5e-05,UTC+8,"[-0.0542, -0.0565, -0.1177, -0.2358, 0.2531, 0.1457]","[-0.0557, -0.0047, -0.0542]"
1744039594285,BTC_USDT,78040.1,-0.054,78031,78071.0,1906736933,14895070201.1003,85878.1,70263.9,74461.5,82780.1,78026.3,78026.4,89877288,-4457.4,4.5e-05,UTC+8,"[-0.054, -0.0563, -0.1175, -0.2356, 0.2534, 0.146]","[-0.0555, -0.0044, -0.054]"
1744039598293,BTC_USDT,78026.1,-0.0542,78043.4,78078.2,1906745450,14895136651.5302,85886.0,70270.3,74461.5,82780.1,78026,78026.1,89628470,-4471.4,4.5e-05,UTC+8,"[-0.0542, -0.0565, -0.1176, -0.2358, 0.2532, 0.1458]","[-0.0557, -0.0046, -0.0542]"
1744039600302,BTC_USDT,78024.6,-0.0542,78040.4,78079.2,1906770063,14895328724.50095,85887.1,70271.2,74461.5,82780.1,78034,78034.1,89628479,-4472.9,4.5e-05,UTC+8,"[-0.0542, -0.0565, -0.1177, -0.2358, 0.2532, 0.1458]","[-0.0557, -0.0046, -0.0542]"
1744039602307,BTC_USDT,78047.0,-0.0539,78042,78081.9,1906778349,14895393376.49425,85890.0,70273.7,74461.5,82780.1,78078,78078.1,89630159,-4450.5,4.5e-05,UTC+8,"[-0.0539, -0.0562, -0.1174, -0.2356, 0.2535, 0.1461]","[-0.0554, -0.0043, -0.0539]"
1744039604296,BTC_USDT,78100.0,-0.0533,78069.4,78109.4,1906805568,14895605872.29929,85920.3,70298.4,74461.5,82780.1,78104.3,78104.4,89676389,-4397.5,4.5e-05,UTC+8,"[-0.0533, -0.0556, -0.1168, -0.235, 0.2544, 0.1469]","[-0.0548, -0.0036, -0.0533]"
1744039606293,BTC_USDT,78078.9,-0.0535,78104.8,78119.8,1906814695,14895677141.9605,85931.7,70307.8,74461.5,82780.1,78090,78101.9,89682892,-4418.6,4.5e-05,UTC+8,"[-0.0535, -0.0558, -0.117, -0.2353, 0.254, 0.1466]","[-0.055, -0.0039, -0.0535]"
1744039610300,BTC_USDT,78044.9,-0.0539,78062.2,78099.3,1906842191,14895891772.84887,85909.2,70289.3,74461.5,82780.1,78036.4,78036.5,89689270,-4452.6,4.5e-05,UTC+8,"[-0.0539, -0.0562, -0.1174, -0.2356, 0.2535, 0.1461]","[-0.0554, -0.0043, -0.0539]"
1744039612313,BTC_USDT,78000.0,-0.0545,78025.2,78047.0,1906864873,14896068757.85763,85851.7,70242.3,74461.5,82780.1,77995.5,77995.6,89605589,-4497.5,4.5e-05,UTC+8,"[-0.0545, -0.0568, -0.1179, -0.236, 0.2528, 0.1454]","[-0.056, -0.0049, -0.0545]"
1744039614296,BTC_USDT,77988.0,-0.0546,77999.7,78039.4,1906872214,14896126014.13588,85843.3,70235.4,74461.5,82780.1,77985.8,77985.9,89608933,-4509.5,4.5e-05,UTC+8,"[-0.0546, -0.0569, -0.1181, -0.2361, 0.2526, 0.1453]","[-0.0561, -0.0051, -0.0546]"
1744039616317,BTC_USDT,77944.3,-0.0551,77964.6,78003.9,1906922133,14896515204.31954,85804.2,70203.5,74461.5,82780.1,77944.3,77944.4,89742585,-4553.2,4.5e-05,UTC+8,"[-0.0551, -0.0575, -0.1186, -0.2366, 0.2519, 0.1446]","[-0.0567, -0.0056, -0.0551]"
1744039618309,BTC_USDT,77955.4,-0.055,77949.5,77986.4,1906986910,14897020110.61041,85785.0,70187.7,74461.5,82780.1,77959.9,77960.0,89785412,-4542.1,4.5e-05,UTC+8,"[-0.055, -0.0573, -0.1184, -0.2365, 0.252, 0.1448]","[-0.0565, -0.0055, -0.055]"
1744039620324,BTC_USDT,77954.7,-0.055,77958.1,77994.0,1907053562,14897539686.84123,85793.4,70194.6,74461.5,82780.1,77959.6,77963.6,89793490,-4542.8,4.5e-05,UTC+8,"[-0.055, -0.0573, -0.1184, -0.2365, 0.252, 0.1448]","[-0.0565, -0.0055, -0.055]"
1744039624315,BTC_USDT,77939.5,-0.0552,77939.5,77966.7,1907122059,14898073563.19113,85763.3,70170,74461.5,82780.1,77932,77934.8,89811747,-4558.0,4.6e-05,UTC+8,"[-0.0552, -0.0575, -0.1186, -0.2366, 0.2518, 0.1445]","[-0.0567, -0.0057, -0.0552]"
1744039626305,BTC_USDT,77966.2,-0.0549,77953.4,77980.4,1907128899,14898126881.88471,85778.4,70182.3,74461.5,82780.1,77966.2,77966.3,89812913,-4531.3,4.6e-05,UTC+8,"[-0.0549, -0.0572, -0.1183, -0.2364, 0.2522, 0.1449]","[-0.0564, -0.0054, -0.0549]"
1744039628289,BTC_USDT,77972.6,-0.0548,77975.8,78013.4,1907141259,14898223258.28804,85814.7,70212,74461.5,82780.1,77976.9,77982.6,89813441,-4524.9,4.6e-05,UTC+8,"[-0.0548, -0.0571, -0.1182, -0.2363, 0.2523, 0.145]","[-0.0563, -0.0053, -0.0548]"
1744039630301,BTC_USDT,77992.5,-0.0546,77994.8,78034.5,1907149342,14898286300.77148,85837.9,70231,74461.5,82780.1,77990,77990.1,89826882,-4505.0,4.6e-05,UTC+8,"[-0.0546, -0.0569, -0.118, -0.2361, 0.2526, 0.1453]","[-0.0561, -0.005, -0.0546]"
1744039632301,BTC_USDT,78031.4,-0.0541,78027,78066.8,1907159133,14898362680.09471,85873.4,70260.1,74461.5,82780.1,78022.5,78022.6,89754075,-4466.1,4.6e-05,UTC+8,"[-0.0541, -0.0564, -0.1176, -0.2357, 0.2533, 0.1459]","[-0.0556, -0.0045, -0.0541]"
1744039636307,BTC_USDT,78070.5,-0.0536,78091.3,78126.6,1907205901,14898727707.00022,85939.2,70313.9,74461.5,82780.1,78067.5,78067.6,89801895,-4427.0,4.6e-05,UTC+8,"[-0.0536, -0.0559, -0.1171, -0.2353, 0.2539, 0.1465]","[-0.0551, -0.004, -0.0536]"
1744039638301,BTC_USDT,78063.9,-0.0537,78067.5,78105.2,1907213600,14898787809.69925,85915.7,70294.6,74461.5,82780.1,78079.4,78079.5,89807684,-4433.6,4.6e-05,UTC+8,"[-0.0537, -0.056, -0.1172, -0.2354, 0.2538, 0.1464]","[-0.0552, -0.0041, -0.0537]"
1744039640294,BTC_USDT,78037.6,-0.054,78079.5,78081.0,1907227769,14898898435.58718,85889.1,70272.9,74461.5,82780.1,78031.4,78033.9,89813919,-4459.9,4.6e-05,UTC+8,"[-0.054, -0.0563, -0.1175, -0.2357, 0.2534, 0.146]","[-0.0555, -0.0044, -0.054]"
1744039642333,BTC_USDT,78005.1,-0.0544,78005.1,78042.3,1907235985,14898962527.80047,85846.5,70238,74461.5,82780.1,78002.4,78002.5,89825704,-4492.4,4.6e-05,UTC+8,"[-0.0544, -0.0567, -0.1179, -0.236, 0.2528, 0.1455]","[-0.0559, -0.0049, -0.0544]"
1744039644296,BTC_USDT,77997.1,-0.0545,78014.5,78045.7,1907273337,14899253913.26375,85850.2,70241.1,74461.5,82780.1,78012.4,78012.5,89860768,-4500.4,4.6e-05,UTC+8,"[-0.0545, -0.0568, -0.118, -0.2361, 0.2527, 0.1454]","[-0.056, -0.005, -0.0545]"
1744039646296,BTC_USDT,78010.5,-0.0543,78020,78057.2,1907288261,14899370341.39659,85862.9,70251.4,74461.5,82780.1,78013.7,78013.8,89876326,-4487.0,4.6e-05,UTC+8,"[-0.0543, -0.0567, -0.1178, -0.2359, 0.2529, 0.1456]","[-0.0559, -0.0048, -0.0543]"
1744039650294,BTC_USDT,78044.8,-0.0539,78037.6,78077.4,1907295647,14899427966.397,85885.1,70269.6,74461.5,82780.1,78028.4,78030.1,89881699,-4452.7,4.6e-05,UTC+8,"[-0.0539, -0.0562, -0.1174, -0.2356, 0.2535, 0.1461]","[-0.0554, -0.0044, -0.0539]"
1744039652302,BTC_USDT,78046.5,-0.0539,78047.5,78087.4,1907301404,14899472892.17901,85896.1,70278.6,74461.5,82780.1,78056.6,78056.7,89881946,-4451.0,4.6e-05,UTC+8,"[-0.0539, -0.0562, -0.1174, -0.2356, 0.2535, 0.1461]","[-0.0554, -0.0043, -0.0539]"
1744039654310,BTC_USDT,78112.3,-0.0531,78089,78129.3,1907308878,14899531243.72855,85942.2,70316.3,74461.5,82780.1,78114.5,78114.6,89778822,-4385.2,4.6e-05,UTC+8,"[-0.0531, -0.0554, -0.1167, -0.2349, 0.2546, 0.1471]","[-0.0546, -0.0035, -0.0531]"
1744039656306,BTC_USDT,78145.0,-0.0527,78128.1,78171.8,1907325825,14899663649.5314,85988.9,70354.6,74461.5,82780.1,78145,78145.1,89781975,-4352.5,4.6e-05,UTC+8,"[-0.0527, -0.055, -0.1163, -0.2346, 0.2551, 0.1476]","[-0.0542, -0.0031, -0.0527]"
1744039658304,BTC_USDT,78098.1,-0.0533,78137.7,78149.8,1907350981,14899860201.24836,85964.7,70334.8,74461.5,82780.1,78110,78110.1,89935592,-4399.4,4.6e-05,UTC+8,"[-0.0533, -0.0556, -0.1168, -0.2351, 0.2543, 0.1469]","[-0.0548, -0.0037, -0.0533]"
1744039662308,BTC_USDT,78143.2,-0.0527,78138.6,78178.7,1907489464,14900941906.14725,85996.5,70360.8,74461.5,82780.1,78143.2,78143.3,89945728,-4354.3,4.6e-05,UTC+8,"[-0.0527, -0.0551, -0.1163, -0.2346, 0.2551, 0.1475]","[-0.0542, -0.0031, -0.0527]"
1744039664310,BTC_USDT,78062.9,-0.0537,78100.5,78130.2,1907509326,14901097068.25985,85943.2,70317.1,74461.5,82780.1,78062.9,78063.0,89947765,-4434.6,4.6e-05,UTC+8,"[-0.0537, -0.056, -0.1172, -0.2354, 0.2538, 0.1464]","[-0.0552, -0.0041, -0.0537]"
1744039666308,BTC_USDT,78036.1,-0.054,78040.5,78080.4,1907557344,14901471840.82645,85888.4,70272.3,74461.5,82780.1,78036,78036.1,90021221,-4461.4,4.6e-05,UTC+8,"[-0.054, -0.0563, -0.1175, -0.2357, 0.2533, 0.146]","[-0.0555, -0.0045, -0.054]"
1744039668294,BTC_USDT,78007.4,-0.0544,78036,78057.2,1907562401,14901511300.04336,85862.9,70251.4,74461.5,82780.1,78005.6,78005.7,90022674,-4490.1,4.6e-05,UTC+8,"[-0.0544, -0.0567, -0.1179, -0.236, 0.2529, 0.1455]","[-0.0559, -0.0048, -0.0544]"
1744039670307,BTC_USDT,78021.2,-0.0542,78019.1,78058.7,1907566001,14901539384.89766,85864.5,70252.8,74461.5,82780.1,78021.1,78021.2,90024900,-4476.3,4.6e-05,UTC+8,"[-0.0542, -0.0565, -0.1177, -0.2358, 0.2531, 0.1457]","[-0.0557, -0.0047, -0.0542]"
1744039674302,BTC_USDT,78058.5,-0.0538,78061.5,78099.9,1907582968,14901671773.7453,85909.8,70289.9,74461.5,82780.1,78056.6,78056.7,89739044,-4439.0,4.6e-05,UTC+8,"[-0.0538, -0.0561, -0.1173, -0.2355, 0.2537, 0.1463]","[-0.0553, -0.0042, -0.0538]"
1744039676311,BTC_USDT,78058.2,-0.0538,78068.8,78106.3,1907604276,14901838100.0353,85916.9,70295.6,74461.5,82780.1,78055,78055.1,89768052,-4439.3,4.6e-05,UTC+8,"[-0.0538, -0.0561, -0.1173, -0.2355, 0.2537, 0.1463]","[-0.0553, -0.0042, -0.0538]"
1744039678349,BTC_USDT,78045.7,-0.0539,78062.8,78100.3,1907606972,14901859145.0888,85910.3,70290.2,74461.5,82780.1,78045.7,78045.8,89771019,-4451.8,4.6e-05,UTC+8,"[-0.0539, -0.0562, -0.1174, -0.2356, 0.2535, 0.1461]","[-0.0554, -0.0043, -0.0539]"
1744039680330,BTC_USDT,78053.8,-0.0538,78049.5,78088.3,1907610810,14901889100.01806,85897.1,70279.4,74461.5,82780.1,78052.9,78053.0,89778946,-4443.7,4.6e-05,UTC+8,"[-0.0538, -0.0561, -0.1173, -0.2355, 0.2536, 0.1462]","[-0.0553, -0.0042, -0.0538]"
1744039682313,BTC_USDT,78040.0,-0.054,78076.8,78092.7,1907620624,14901965702.24727,85901.9,70283.4,74461.5,82780.1,78040,78040.1,89782329,-4457.5,4.6e-05,UTC+8,"[-0.054, -0.0563, -0.1175, -0.2356, 0.2534, 0.146]","[-0.0555, -0.0044, -0.054]"
1744039684312,BTC_USDT,78028.5,-0.0541,78031.2,78070.7,1907624405,14901995203.31236,85877.7,70263.6,74461.5,82780.1,78028.5,78028.6,89785979,-4469.0,4.6e-05,UTC+8,"[-0.0541, -0.0564, -0.1176, -0.2357, 0.2532, 0.1458]","[-0.0556, -0.0046, -0.0541]"
1744039688327,BTC_USDT,78062.6,-0.0537,78057.4,78091.0,1907633522,14902066339.73462,85900.1,70281.9,74461.5,82780.1,78068.4,78068.5,89794999,-4434.9,4.6e-05,UTC+8,"[-0.0537, -0.056, -0.1172, -0.2354, 0.2538, 0.1463]","[-0.0552, -0.0041, -0.0537]"
1744039690297,BTC_USDT,78073.9,-0.0536,78081.7,78117.6,1907637308,14902095899.3248,85929.3,70305.8,74461.5,82780.1,78073.8,78073.9,89797003,-4423.6,4.6e-05,UTC+8,"[-0.0536, -0.0559, -0.1171, -0.2353, 0.254, 0.1465]","[-0.0551, -0.004, -0.0536]"
1744039692304,BTC_USDT,78045.0,-0.0539,78077.3,78083.1,1907638030,14902101536.116,85891.4,70274.7,74461.5,82780.1,78045,78045.1,89797478,-4452.5,4.6e-05,UTC+8,"[-0.0539, -0.0562, -0.1174, -0.2356, 0.2535, 0.1461]","[-0.0554, -0.0043, -0.0539]"
1744039694301,BTC_USDT,78037.0,-0.054,78035.7,78075.3,1907642246,14902134434.57751,85882.8,70267.7,74461.5,82780.1,78037,78037.1,89751237,-4460.5,4.6e-05,UTC+8,"[-0.054, -0.0563, -0.1175, -0.2357, 0.2534, 0.146]","[-0.0555, -0.0045, -0.054]"
1744039696334,BTC_USDT,78062.5,-0.0537,78057.5,78096.9,1907645052,14902156332.04729,85906.5,70287.2,74461.5,82780.1,78067.8,78067.9,89751650,-4435.0,4.6e-05,UTC+8,"[-0.0537, -0.056, -0.1172, -0.2354, 0.2538, 0.1463]","[-0.0552, -0.0041, -0.0537]"
1744039700303,BTC_USDT,78181.1,-0.0523,78182.7,78222.5,1907663990,14902304240.45514,86044.7,70400.2,74461.5,82780.1,78185.5,78185.6,89767506,-4316.4,4.6e-05,UTC+8,"[-0.0523, -0.0546, -0.1159, -0.2343, 0.2557, 0.1481]","[-0.0538, -0.0026, -0.0523]"
1744039702303,BTC_USDT,78223.1,-0.0518,78221.1,78261.5,1907707945,14902647980.91128,86087.6,70435.3,74461.5,82780.1,78220.1,78220.2,89784853,-4274.4,4.6e-05,UTC+8,"[-0.0518, -0.0541, -0.1154, -0.2338, 0.2563, 0.1487]","[-0.0533, -0.0021, -0.0518]"
1744039704318,BTC_USDT,78181.5,-0.0523,78187.1,78226.9,1907764337,14903089190.63483,86049.5,70404.2,74461.5,82780.1,78171.3,78171.4,89876194,-4316.0,4.6e-05,UTC+8,"[-0.0523, -0.0546, -0.1159, -0.2342, 0.2557, 0.1481]","[-0.0538, -0.0026, -0.0523]"
1744039706304,BTC_USDT,78130.6,-0.0529,78150.1,78178.1,1908538302,14909137723.86854,85995.9,70360.2,74461.5,82780.1,78117,78119.1,92029615,-4366.9,4.6e-05,UTC+8,"[-0.0529, -0.0552, -0.1165, -0.2347, 0.2549, 0.1473]","[-0.0544, -0.0033, -0.0529]"
1744039708316,BTC_USDT,78154.7,-0.0526,78134.7,78174.4,1908539867,14909149953.50331,85991.8,70356.9,74461.5,82780.1,78157.4,78157.5,92030352,-4342.8,4.6e-05,UTC+8,"[-0.0526, -0.0549, -0.1162, -0.2345, 0.2552, 0.1477]","[-0.0541, -0.0029, -0.0526]"
1744039710307,BTC_USDT,78150.0,-0.0526,78164.6,78185.4,1908565802,14909352675.33129,86003.9,70366.8,74461.5,82780.1,78150,78150.1,92036154,-4347.5,4.6e-05,UTC+8,"[-0.0526, -0.055, -0.1162, -0.2346, 0.2552, 0.1476]","[-0.0542, -0.003, -0.0526]"
1744039714303,BTC_USDT,78130.0,-0.0529,78123,78161.3,1908657826,14910071653.96487,85977.4,70345.1,74461.5,82780.1,78129.9,78130.0,89888929,-4367.5,4.6e-05,UTC+8,"[-0.0529, -0.0552, -0.1165, -0.2348, 0.2549, 0.1473]","[-0.0544, -0.0033, -0.0529]"
1744039716305,BTC_USDT,78160.7,-0.0525,78150.3,78191.0,1908702094,14910417631.87974,86010.1,70371.9,74461.5,82780.1,78160.6,78160.7,89889882,-4336.8,4.6e-05,UTC+8,"[-0.0525, -0.0548, -0.1161, -0.2345, 0.2553, 0.1478]","[-0.054, -0.0029, -0.0525]"
1744039718354,BTC_USDT,78158.8,-0.0525,78162.6,78201.9,1908723636,14910586019.9554,86022.0,70381.7,74461.5,82780.1,78158.7,78158.8,89891838,-4338.7,4.6e-05,UTC+8,"[-0.0525, -0.0549, -0.1161, -0.2345, 0.2553, 0.1478]","[-0.0541, -0.0029, -0.0525]"
1744039720329,BTC_USDT,78116.1,-0.0531,78133.9,78167.3,1908732281,14910653581.67188,85984.0,70350.5,74461.5,82780.1,78113.3,78113.4,89900301,-4381.4,4.6e-05,UTC+8,"[-0.0531, -0.0554, -0.1166, -0.2349, 0.2546, 0.1471]","[-0.0546, -0.0034, -0.0531]"
1744039722312,BTC_USDT,78082.3,-0.0535,78091.1,78129.2,1908742535,14910733658.02893,85942.1,70316.2,74461.5,82780.1,78082.2,78082.3,89905733,-4415.2,4.6e-05,UTC+8,"[-0.0535, -0.0558, -0.117, -0.2352, 0.2541, 0.1466]","[-0.055, -0.0039, -0.0535]"
1744039726305,BTC_USDT,78087.2,-0.0534,78091.4,78125.0,1908755542,14910835216.14886,85937.5,70312.5,74461.5,82780.1,78087.2,78087.3,89922874,-4410.3,4.6e-05,UTC+8,"[-0.0534, -0.0557, -0.1169, -0.2352, 0.2542, 0.1467]","[-0.0549, -0.0038, -0.0534]"
1744039728316,BTC_USDT,78113.7,-0.0531,78114.9,78158.5,1908762995,14910893418.41183,85974.3,70342.6,74461.5,82780.1,78126.6,78126.7,89925569,-4383.8,4.6e-05,UTC+8,"[-0.0531, -0.0554, -0.1166, -0.2349, 0.2546, 0.1471]","[-0.0546, -0.0035, -0.0531]"
1744039730339,BTC_USDT,78137.5,-0.0528,78137.5,78170.0,1908767944,14910932081.76105,85987.0,70353,74461.5,82780.1,78136.6,78136.7,89926238,-4360.0,4.6e-05,UTC+8,"[-0.0528, -0.0551, -0.1164, -0.2347, 0.255, 0.1474]","[-0.0543, -0.0032, -0.0528]"
1744039732309,BTC_USDT,78153.7,-0.0526,78132.5,78172.0,1908779574,14911022943.62535,85989.2,70354.8,74461.5,82780.1,78153.7,78153.8,89945275,-4343.8,4.6e-05,UTC+8,"[-0.0526, -0.0549, -0.1162, -0.2345, 0.2552, 0.1477]","[-0.0541, -0.003, -0.0526]"
1744039734308,BTC_USDT,78145.0,-0.0527,78145.5,78179.8,1908786696,14911078594.49324,85997.7,70361.8,74461.5,82780.1,78122.6,78122.7,89813829,-4352.5,4.6e-05,UTC+8,"[-0.0527, -0.055, -0.1163, -0.2346, 0.2551, 0.1476]","[-0.0542, -0.0031, -0.0527]"
1744039736306,BTC_USDT,78112.2,-0.0531,78113,78152.6,1908789741,14911102380.41302,85967.8,70337.3,74461.5,82780.1,78110.1,78111.8,89818233,-4385.3,4.6e-05,UTC+8,"[-0.0531, -0.0554, -0.1167, -0.2349, 0.2546, 0.1471]","[-0.0546, -0.0035, -0.0531]"
1744039740321,BTC_USDT,78100.1,-0.0533,78120.1,78154.9,1908801771,14911196348.33652,85970.3,70339.4,74461.5,82780.1,78100,78100.1,89827399,-4397.4,4.5e-05,UTC+8,"[-0.0533, -0.0556, -0.1168, -0.235, 0.2544, 0.1469]","[-0.0548, -0.0036, -0.0533]"
1744039742304,BTC_USDT,78041.4,-0.054,78055.4,78095.2,1908811721,14911274025.82822,85904.7,70285.6,74461.5,82780.1,78064.5,78064.6,89842525,-4456.1,4.5e-05,UTC+8,"[-0.054, -0.0563, -0.1175, -0.2356, 0.2534, 0.146]","[-0.0555, -0.0044, -0.054]"
1744039744298,BTC_USDT,78084.2,-0.0534,78085.5,78125.3,1908895815,14911930463.80426,85937.8,70312.7,74461.5,82780.1,78072.5,78072.6,89848134,-4413.3,4.5e-05,UTC+8,"[-0.0534, -0.0558, -0.117, -0.2352, 0.2541, 0.1467]","[-0.055, -0.0038, -0.0534]"
1744039746293,BTC_USDT,78065.0,-0.0537,78075.2,78114.1,1908904552,14911998677.86566,85925.5,70302.6,74461.5,82780.1,78064.1,78064.2,89852579,-4432.5,4.5e-05,UTC+8,"[-0.0537, -0.056, -0.1172, -0.2354, 0.2538, 0.1464]","[-0.0552, -0.0041, -0.0537]"
1744039748303,BTC_USDT,78070.0,-0.0536,78078.5,78118.4,1908910629,14912046117.82982,85930.2,70306.5,74461.5,82780.1,78070,78070.1,89671017,-4427.5,4.5e-05,UTC+8,"[-0.0536, -0.0559, -0.1171, -0.2353, 0.2539, 0.1465]","[-0.0551, -0.004, -0.0536]"
1744039752306,BTC_USDT,78149.0,-0.0527,78133.5,78173.2,1908916796,14912094277.06711,85990.5,70355.8,74461.5,82780.1,78151.7,78151.8,89673259,-4348.5,4.5e-05,UTC+8,"[-0.0527, -0.055, -0.1163, -0.2346, 0.2552, 0.1476]","[-0.0542, -0.003, -0.0527]"
1744039754298,BTC_USDT,78146.7,-0.0527,78141.3,78173.5,1908923421,14912146046.0507,85990.8,70356.1,74461.5,82780.1,78117.9,78118.0,89676131,-4350.8,4.5e-05,UTC+8,"[-0.0527, -0.055, -0.1163, -0.2346, 0.2551, 0.1476]","[-0.0542, -0.0031, -0.0527]"
1744039756300,BTC_USDT,78170.9,-0.0524,78184.1,78211.8,1908927049,14912174390.02536,86032.9,70390.6,74461.5,82780.1,78167.9,78170.1,89684347,-4326.6,4.5e-05,UTC+8,"[-0.0524, -0.0547, -0.116, -0.2344, 0.2555, 0.1479]","[-0.0539, -0.0027, -0.0524]"
1744039758306,BTC_USDT,78134.2,-0.0528,78141.9,78179.9,1908934548,14912232987.33086,85997.8,70361.9,74461.5,82780.1,78132.3,78134.2,89685350,-4363.3,4.5e-05,UTC+8,"[-0.0528, -0.0552, -0.1164, -0.2347, 0.2549, 0.1474]","[-0.0544, -0.0032, -0.0528]"
1744039760304,BTC_USDT,78072.1,-0.0536,78105.2,78110.0,1908941052,14912283796.21967,85921.0,70299,74461.5,82780.1,78072.1,78072.2,89688037,-4425.4,4.5e-05,UTC+8,"[-0.0536, -0.0559, -0.1171, -0.2353, 0.2539, 0.1465]","[-0.0551, -0.004, -0.0536]"
1744039762296,BTC_USDT,78061.7,-0.0537,78072.2,78101.9,1908943801,14912305257.77509,85912.0,70291.7,74461.5,82780.1,78069.2,78069.3,89688037,-4435.8,4.5e-05,UTC+8,"[-0.0537, -0.056, -0.1172, -0.2354, 0.2538, 0.1463]","[-0.0552, -0.0041, -0.0537]"
1744039766309,BTC_USDT,78057.6,-0.0538,78062.6,78100.0,1908959073,14912424487.81404,85910.0,70290,74461.5,82780.1,78057.5,78057.6,89695865,-4439.9,4.5e-05,UTC+8,"[-0.0538, -0.0561, -0.1173, -0.2355, 0.2537, 0.1463]","[-0.0553, -0.0042, -0.0538]"
1744039768331,BTC_USDT,78067.5,-0.0536,78065.6,78105.5,1908960963,14912439241.66302,85916.0,70294.9,74461.5,82780.1,78065.3,78071.0,89697928,-4430.0,4.5e-05,UTC+8,"[-0.0536, -0.056, -0.1172, -0.2354, 0.2538, 0.1464]","[-0.0552, -0.0041, -0.0536]"
1744039770303,BTC_USDT,78042.8,-0.0539,78055,78078.7,1908967130,14912487375.11672,85886.5,70270.8,74461.5,82780.1,78042.7,78042.8,89706574,-4454.7,4.5e-05,UTC+8,"[-0.0539, -0.0563, -0.1175, -0.2356, 0.2535, 0.1461]","[-0.0555, -0.0044, -0.0539]"
1744039772288,BTC_USDT,78047.1,-0.0539,78045.1,78086.3,1908972292,14912527660.57623,85894.9,70277.6,74461.5,82780.1,78049.7,78049.8,89714100,-4450.4,4.5e-05,UTC+8,"[-0.0539, -0.0562, -0.1174, -0.2356, 0.2535, 0.1461]","[-0.0554, -0.0043, -0.0539]"
1744039774303,BTC_USDT,78050.9,-0.0538,78055.7,78062.8,1909062428,14913231173.26171,85869.0,70256.5,74461.5,82780.1,78025.3,78025.4,89658804,-4446.6,4.5e-05,UTC+8,"[-0.0538, -0.0562, -0.1174, -0.2355, 0.2536, 0.1462]","[-0.0554, -0.0043, -0.0538]"
1744039778301,BTC_USDT,78030.7,-0.0541,78047.4,78073.4,1909126518,14913731336.60646,85880.7,70266,74461.5,82780.1,78030.7,78030.8,89767206,-4466.8,4.5e-05,UTC+8,"[-0.0541, -0.0564, -0.1176, -0.2357, 0.2533, 0.1459]","[-0.0556, -0.0045, -0.0541]"
1744039780303,BTC_USDT,77982.7,-0.0547,78021.3,78030.8,1909133304,14913784268.77827,85833.8,70227.7,74461.5,82780.1,77975.7,77977.3,89774307,-4514.8,4.5e-05,UTC+8,"[-0.0547, -0.057, -0.1181, -0.2362, 0.2525, 0.1452]","[-0.0562, -0.0051, -0.0547]"
1744039782302,BTC_USDT,77989.5,-0.0546,77987.9,78020.2,1909173874,14914100635.99263,85822.2,70218.1,74461.5,82780.1,77989.5,77989.6,89796778,-4508.0,4.5e-05,UTC+8,"[-0.0546, -0.0569, -0.1181, -0.2361, 0.2526, 0.1453]","[-0.0561, -0.0051, -0.0546]"
1744039784289,BTC_USDT,77998.6,-0.0545,77998.5,78035.4,1909182540,14914168222.78284,85838.9,70231.8,74461.5,82780.1,77996.3,77996.4,89806653,-4498.9,4.5e-05,UTC+8,"[-0.0545, -0.0568, -0.118, -0.236, 0.2527, 0.1454]","[-0.056, -0.0049, -0.0545]"
1744039786309,BTC_USDT,78003.5,-0.0544,78003.6,78038.7,1909186259,14914197230.43521,85842.5,70234.8,74461.5,82780.1,78003.5,78003.6,89809592,-4494.0,4.5e-05,UTC+8,"[-0.0544, -0.0567, -0.1179, -0.236, 0.2528, 0.1455]","[-0.0559, -0.0049, -0.0544]"
1744039790294,BTC_USDT,77996.0,-0.0545,77994.7,78034.6,1909248302,14914681160.05875,85838.0,70231.1,74461.5,82780.1,77990,77990.1,89898200,-4501.5,4.5e-05,UTC+8,"[-0.0545, -0.0568, -0.118, -0.2361, 0.2527, 0.1454]","[-0.056, -0.005, -0.0545]"
1744039792296,BTC_USDT,78015.7,-0.0543,78013.8,78061.6,1909252184,14914711438.85623,85867.7,70255.4,74461.5,82780.1,78019.9,78020.0,89757241,-4481.8,4.5e-05,UTC+8,"[-0.0543, -0.0566, -0.1178, -0.2359, 0.253, 0.1457]","[-0.0558, -0.0047, -0.0543]"
1744039794285,BTC_USDT,78031.6,-0.0541,78016.8,78067.0,1909262209,14914789649.23512,85873.7,70260.3,74461.5,82780.1,78017,78028.1,89757382,-4465.9,4.5e-05,UTC+8,"[-0.0541, -0.0564, -0.1176, -0.2357, 0.2533, 0.1459]","[-0.0556, -0.0045, -0.0541]"
1744039796291,BTC_USDT,78008.8,-0.0544,78004.3,78044.3,1909266245,14914821133.02421,85848.7,70239.8,74461.5,82780.1,78008.7,78008.8,89760009,-4488.7,4.5e-05,UTC+8,"[-0.0544, -0.0567, -0.1178, -0.2359, 0.2529, 0.1456]","[-0.0559, -0.0048, -0.0544]"
1744039798308,BTC_USDT,78002.5,-0.0544,78006.1,78039.5,1909267823,14914833442.22663,85843.4,70235.5,74461.5,82780.1,77998.1,77998.2,89762204,-4495.0,4.5e-05,UTC+8,"[-0.0544, -0.0568, -0.1179, -0.236, 0.2528, 0.1455]","[-0.056, -0.0049, -0.0544]"
1744039800417,BTC_USDT,78013.8,-0.0543,78001.7,78042.4,1909278352,14914915559.08909,85846.6,70238.1,74461.5,82780.1,78018.6,78018.7,89779629,-4483.7,4.5e-05,UTC+8,"[-0.0543, -0.0566, -0.1178, -0.2359, 0.253, 0.1456]","[-0.0558, -0.0047, -0.0543]"
1744039804320,BTC_USDT,78044.1,-0.0539,78048.7,78088.7,1909295223,14915047161.36568,85897.5,70279.8,74461.5,82780.1,78042,78042.1,89798155,-4453.4,4.6e-05,UTC+8,"[-0.0539, -0.0562, -0.1174, -0.2356, 0.2535, 0.1461]","[-0.0554, -0.0044, -0.0539]"
1744039806337,BTC_USDT,78058.4,-0.0538,78046.6,78092.7,1909302868,14915106822.1555,85901.9,70283.4,74461.5,82780.1,78091.9,78092.0,89819503,-4439.1,4.6e-05,UTC+8,"[-0.0538, -0.0561, -0.1173, -0.2355, 0.2537, 0.1463]","[-0.0553, -0.0042, -0.0538]"
1744039808305,BTC_USDT,78125.8,-0.0529,78127.1,78159.3,1909307809,14915145413.12881,85975.2,70343.3,74461.5,82780.1,78115.6,78115.7,89767093,-4371.7,4.6e-05,UTC+8,"[-0.0529, -0.0553, -0.1165, -0.2348, 0.2548, 0.1473]","[-0.0545, -0.0033, -0.0529]"
1744039810338,BTC_USDT,78073.0,-0.0536,78122.1,78150.3,1909320058,14915241092.39751,85965.3,70335.2,74461.5,82780.1,78061.6,78070.2,89775588,-4424.5,4.6e-05,UTC+8,"[-0.0536, -0.0559, -0.1171, -0.2353, 0.2539, 0.1465]","[-0.0551, -0.004, -0.0536]"
1744039812302,BTC_USDT,78029.9,-0.0541,78049.7,78083.2,1909333177,14915343490.03277,85891.5,70274.8,74461.5,82780.1,78029.9,78030.0,89775906,-4467.6,4.6e-05,UTC+8,"[-0.0541, -0.0564, -0.1176, -0.2357, 0.2532, 0.1459]","[-0.0556, -0.0045, -0.0541]"
1744039814306,BTC_USDT,78044.1,-0.0539,78057.4,78097.6,1909336672,14915370766.52267,85907.3,70287.8,74461.5,82780.1,78042.9,78043.0,89780275,-4453.4,4.6e-05,UTC+8,"[-0.0539, -0.0562, -0.1174, -0.2356, 0.2535, 0.1461]","[-0.0554, -0.0044, -0.0539]"
1744039818304,BTC_USDT,78074.1,-0.0536,78048.8,78092.5,1909347628,14915456273.63363,85901.7,70283.2,74461.5,82780.1,78074.1,78074.2,89784395,-4423.4,4.6e-05,UTC+8,"[-0.0536, -0.0559, -0.1171, -0.2353, 0.254, 0.1465]","[-0.0551, -0.004, -0.0536]"
1744039820316,BTC_USDT,78058.0,-0.0538,78090,78126.0,1909373018,14915654507.90396,85938.6,70313.4,74461.5,82780.1,78051,78055.1,89841938,-4439.5,4.6e-05,UTC+8,"[-0.0538, -0.0561, -0.1173, -0.2355, 0.2537, 0.1463]","[-0.0553, -0.0042, -0.0538]"
1744039822314,BTC_USDT,78034.4,-0.054,78057.4,78090.0,1909386485,14915759605.35458,85899.0,70281,74461.5,82780.1,78041.6,78041.7,89846487,-4463.1,4.6e-05,UTC+8,"[-0.054, -0.0564, -0.1175, -0.2357, 0.2533, 0.1459]","[-0.0556, -0.0045, -0.054]"
1744039824307,BTC_USDT,78022.0,-0.0542,78029.1,78068.9,1909389405,14915782389.92363,85875.7,70262,74461.5,82780.1,78037.5,78037.6,89852183,-4475.5,4.6e-05,UTC+8,"[-0.0542, -0.0565, -0.1177, -0.2358, 0.2531, 0.1458]","[-0.0557, -0.0046, -0.0542]"
1744039826293,BTC_USDT,78062.6,-0.0537,78050.1,78080.2,1909396953,14915841298.79191,85888.2,70272.1,74461.5,82780.1,78054.9,78055.0,89855631,-4434.9,4.6e-05,UTC+8,"[-0.0537, -0.056, -0.1172, -0.2354, 0.2538, 0.1463]","[-0.0552, -0.0041, -0.0537]"
1744039830290,BTC_USDT,78115.0,-0.0531,78066.9,78113.8,1909407758,14915925638.74629,85925.1,70302.4,74461.5,82780.1,78115.8,78115.9,89767900,-4382.5,4.6e-05,UTC+8,"[-0.0531, -0.0554, -0.1166, -0.2349, 0.2546, 0.1471]","[-0.0546, -0.0035, -0.0531]"
1744039832303,BTC_USDT,78094.3,-0.0533,78115.9,78149.3,1909410093,14915943880.47812,85964.2,70334.3,74461.5,82780.1,78119.3,78119.4,89772578,-4403.2,4.6e-05,UTC+8,"[-0.0533, -0.0556, -0.1169, -0.2351, 0.2543, 0.1468]","[-0.0548, -0.0037, -0.0533]"
1744039834299,BTC_USDT,78153.9,-0.0526,78152.6,78163.7,1909441181,14916186750.05906,85980.0,70347.3,74461.5,82780.1,78158,78158.1,89815414,-4343.6,4.6e-05,UTC+8,"[-0.0526, -0.0549, -0.1162, -0.2345, 0.2552, 0.1477]","[-0.0541, -0.003, -0.0526]"
1744039836296,BTC_USDT,78124.9,-0.053,78138.2,78177.6,1909463364,14916360106.07915,85995.3,70359.8,74461.5,82780.1,78129.9,78130.0,89834694,-4372.6,4.6e-05,UTC+8,"[-0.053, -0.0553, -0.1165, -0.2348, 0.2548, 0.1473]","[-0.0545, -0.0033, -0.053]"
1744039838295,BTC_USDT,78087.7,-0.0534,78126.6,78158.0,1909468112,14916397198.17869,85973.8,70342.2,74461.5,82780.1,78088.7,78090.1,89838217,-4409.8,4.6e-05,UTC+8,"[-0.0534, -0.0557, -0.1169, -0.2352, 0.2542, 0.1467]","[-0.0549, -0.0038, -0.0534]"
1744039842301,BTC_USDT,78154.8,-0.0526,78117.7,78160.1,1909487067,14916545269.43572,85976.1,70344,74461.5,82780.1,78154.7,78154.8,89851070,-4342.7,4.6e-05,UTC+8,"[-0.0526, -0.0549, -0.1162, -0.2345, 0.2553, 0.1477]","[-0.0541, -0.0029, -0.0526]"
1744039844312,BTC_USDT,78160.8,-0.0525,78180.4,78216.5,1909507750,14916706946.34898,86038.1,70394.8,74461.5,82780.1,78169.7,78169.8,89868725,-4336.7,4.6e-05,UTC+8,"[-0.0525, -0.0548, -0.1161, -0.2345, 0.2553, 0.1478]","[-0.054, -0.0029, -0.0525]"
1744039846304,BTC_USDT,78200.0,-0.052,78210.2,78244.0,1909601799,14917442464.52839,86068.4,70419.6,74461.5,82780.1,78198.4,78198.5,89874135,-4297.5,4.6e-05,UTC+8,"[-0.052, -0.0544, -0.1157, -0.2341, 0.256, 0.1484]","[-0.0536, -0.0024, -0.052]"
1744039848317,BTC_USDT,78241.7,-0.0515,78218.2,78257.8,1909633785,14917692659.73882,86083.5,70432,74461.5,82780.1,78247.4,78247.5,89749404,-4255.8,4.6e-05,UTC+8,"[-0.0515, -0.0539, -0.1152, -0.2337, 0.2566, 0.149]","[-0.0531, -0.0018, -0.0515]"
1744039850297,BTC_USDT,78250.0,-0.0514,78251.9,78281.0,1909917525,14919912954.92251,86109.1,70452.9,74461.5,82780.1,78255,78255.1,89824190,-4247.5,4.6e-05,UTC+8,"[-0.0514, -0.0538, -0.1151, -0.2336, 0.2568, 0.1491]","[-0.053, -0.0017, -0.0514]"
1744039852321,BTC_USDT,78265.0,-0.0513,78273,78308.6,1910011832,14920651155.69444,86139.4,70477.7,74461.5,82780.1,78262.5,78262.6,89941103,-4232.5,4.6e-05,UTC+8,"[-0.0513, -0.0536, -0.1149, -0.2334, 0.257, 0.1493]","[-0.0528, -0.0015, -0.0513]"
1744039856306,BTC_USDT,78216.8,-0.0518,78236.3,78273.3,1910061695,14921041297.75578,86100.6,70445.9,74461.5,82780.1,78216.7,78216.8,89976377,-4280.7,4.6e-05,UTC+8,"[-0.0518, -0.0542, -0.1155, -0.2339, 0.2562, 0.1486]","[-0.0534, -0.0022, -0.0518]"
1744039858312,BTC_USDT,78260.9,-0.0513,78259.7,78286.9,1910111390,14921430033.55747,86115.5,70458.2,74461.5,82780.1,78262,78262.6,89990269,-4236.6,4.6e-05,UTC+8,"[-0.0513, -0.0536, -0.115, -0.2335, 0.257, 0.1493]","[-0.0528, -0.0016, -0.0513]"
1744039860370,BTC_USDT,78281.8,-0.0511,78276.2,78315.6,1910133895,14921606204.3592,86147.1,70484,74461.5,82780.1,78286.7,78286.8,89999691,-4215.7,4.6e-05,UTC+8,"[-0.0511, -0.0534, -0.1147, -0.2333, 0.2573, 0.1496]","[-0.0526, -0.0013, -0.0511]"
1744039862311,BTC_USDT,78318.5,-0.0506,78303.7,78343.3,1910156258,14921781319.55023,86177.6,70508.9,74461.5,82780.1,78318.4,78318.5,90003114,-4179.0,4.5e-05,UTC+8,"[-0.0506, -0.0529, -0.1143, -0.2329, 0.2579, 0.1501]","[-0.0521, -0.0009, -0.0506]"
1744039864307,BTC_USDT,78309.7,-0.0507,78310.5,78325.7,1910218969,14922272428.35362,86158.2,70493.1,74461.5,82780.1,78309.6,78309.7,90033259,-4187.8,4.5e-05,UTC+8,"[-0.0507, -0.053, -0.1144, -0.233, 0.2577, 0.15]","[-0.0522, -0.001, -0.0507]"
1744039868308,BTC_USDT,78280.0,-0.0511,78310,78331.4,1910302783,14922928560.68312,86164.5,70498.2,74461.5,82780.1,78279.9,78280.0,90135099,-4217.5,4.5e-05,UTC+8,"[-0.0511, -0.0534, -0.1148, -0.2333, 0.2573, 0.1495]","[-0.0526, -0.0014, -0.0511]"
1744039870288,BTC_USDT,78309.9,-0.0507,78299,78338.4,1910331787,14923155653.9746,86172.2,70504.5,74461.5,82780.1,78302.5,78302.6,90145620,-4187.6,4.5e-05,UTC+8,"[-0.0507, -0.053, -0.1144, -0.233, 0.2577, 0.15]","[-0.0522, -0.001, -0.0507]"
1744039872304,BTC_USDT,78298.2,-0.0509,78311.3,78350.9,1910344994,14923259076.88917,86185.9,70515.8,74461.5,82780.1,78288.6,78297.3,89534459,-4199.3,4.5e-05,UTC+8,"[-0.0509, -0.0532, -0.1146, -0.2331, 0.2576, 0.1498]","[-0.0524, -0.0011, -0.0509]"
1744039874293,BTC_USDT,78333.0,-0.0504,78317.5,78349.7,1910418422,14923833978.92285,86184.6,70514.7,74461.5,82780.1,78333.2,78333.3,89573844,-4164.5,4.5e-05,UTC+8,"[-0.0504, -0.0528, -0.1142, -0.2328, 0.2581, 0.1503]","[-0.052, -0.0007, -0.0504]"
1744039876311,BTC_USDT,78307.6,-0.0507,78321.7,78355.0,1910441460,14924014408.20357,86190.5,70519.5,74461.5,82780.1,78295.3,78295.4,89579860,-4189.9,4.5e-05,UTC+8,"[-0.0507, -0.0531, -0.1145, -0.233, 0.2577, 0.1499]","[-0.0523, -0.001, -0.0507]"
1744039878306,BTC_USDT,78292.5,-0.0509,78284.9,78322.4,1910479077,14924308919.89853,86154.6,70490.1,74461.5,82780.1,78292.5,78292.6,89602304,-4205.0,4.5e-05,UTC+8,"[-0.0509, -0.0532, -0.1146, -0.2332, 0.2575, 0.1497]","[-0.0524, -0.0012, -0.0509]"
1744039882290,BTC_USDT,78240.0,-0.0516,78247.4,78272.1,1910564060,14924974052.02053,86099.3,70444.8,74461.5,82780.1,78241,78241.1,89717899,-4257.5,4.5e-05,UTC+8,"[-0.0516, -0.0539, -0.1152, -0.2337, 0.2566, 0.149]","[-0.0531, -0.0019, -0.0516]"
1744039884314,BTC_USDT,78242.1,-0.0515,78232.6,78264.0,1910613431,14925360299.83547,86090.4,70437.6,74461.5,82780.1,78243.3,78243.4,89719503,-4255.4,4.5e-05,UTC+8,"[-0.0515, -0.0539, -0.1152, -0.2337, 0.2567, 0.149]","[-0.0531, -0.0018, -0.0515]"
1744039886342,BTC_USDT,78173.8,-0.0524,78213.9,78225.3,1910625532,14925454915.83595,86047.8,70402.7,74461.5,82780.1,78174.7,78174.8,89732511,-4323.7,4.5e-05,UTC+8,"[-0.0524, -0.0547, -0.116, -0.2343, 0.2556, 0.148]","[-0.0539, -0.0027, -0.0524]"
1744039888302,BTC_USDT,78171.5,-0.0524,78170.1,78204.0,1910658654,14925713818.54303,86024.4,70383.6,74461.5,82780.1,78171.5,78171.6,89554399,-4326.0,4.5e-05,UTC+8,"[-0.0524, -0.0547, -0.116, -0.2343, 0.2555, 0.1479]","[-0.0539, -0.0027, -0.0524]"
1744039890296,BTC_USDT,78180.0,-0.0523,78179,78206.2,1910709824,14926113817.05497,86026.8,70385.5,74461.5,82780.1,78189.9,78197.2,89567626,-4317.5,4.5e-05,UTC+8,"[-0.0523, -0.0546, -0.1159, -0.2343, 0.2557, 0.1481]","[-0.0538, -0.0026, -0.0523]"
1744039894285,BTC_USDT,78208.4,-0.0519,78220.6,78257.6,1910746114,14926397683.6688,86083.3,70431.8,74461.5,82780.1,78208.4,78208.5,89571742,-4289.1,4.5e-05,UTC+8,"[-0.0519, -0.0543, -0.1156, -0.234, 0.2561, 0.1485]","[-0.0535, -0.0023, -0.0519]"
1744039896312,BTC_USDT,78171.3,-0.0524,78211.7,78229.9,1910804451,14926853957.67624,86052.8,70406.9,74461.5,82780.1,78172.4,78172.5,89592845,-4326.2,4.5e-05,UTC+8,"[-0.0524, -0.0547, -0.116, -0.2343, 0.2555, 0.1479]","[-0.0539, -0.0027, -0.0524]"
1744039898310,BTC_USDT,78226.7,-0.0517,78216.4,78253.2,1910815041,14926936781.47675,86078.5,70427.8,74461.5,82780.1,78226.6,78226.7,89598797,-4270.8,4.5e-05,UTC+8,"[-0.0517, -0.054, -0.1154, -0.2338, 0.2564, 0.1488]","[-0.0532, -0.002, -0.0517]"
1744039900314,BTC_USDT,78212.0,-0.0519,78212.1,78248.1,1910833064,14927077757.00796,86072.9,70423.2,74461.5,82780.1,78236.2,78236.3,89599204,-4285.5,4.5e-05,UTC+8,"[-0.0519, -0.0542, -0.1155, -0.234, 0.2562, 0.1485]","[-0.0534, -0.0022, -0.0519]"
1744039902346,BTC_USDT,78281.9,-0.051,78229.7,78268.9,1910878378,14927432275.32316,86095.7,70442,74461.5,82780.1,78282.6,78282.7,89602082,-4215.6,4.5e-05,UTC+8,"[-0.051, -0.0534, -0.1147, -0.2333, 0.2573, 0.1496]","[-0.0526, -0.0013, -0.051]"
1744039904305,BTC_USDT,78317.0,-0.0506,78304.1,78339.7,1910909310,14927674475.23884,86173.6,70505.7,74461.5,82780.1,78319.7,78320.7,89634192,-4180.5,4.5e-05,UTC+8,"[-0.0506, -0.0529, -0.1144, -0.2329, 0.2579, 0.1501]","[-0.0521, -0.0009, -0.0506]"
1744039908300,BTC_USDT,78317.6,-0.0506,78300.8,78341.0,1910931766,14927850397.07655,86175.1,70506.9,74461.5,82780.1,78319.9,78320.0,89508902,-4179.9,4.5e-05,UTC+8,"[-0.0506, -0.0529, -0.1143, -0.2329, 0.2579, 0.1501]","[-0.0521, -0.0009, -0.0506]"
1744039910272,BTC_USDT,78283.7,-0.051,78299,78327.4,1910934893,14927874880.5146,86160.1,70494.6,74461.5,82780.1,78282.7,78282.8,89511844,-4213.8,4.5e-05,UTC+8,"[-0.051, -0.0534, -0.1147, -0.2332, 0.2573, 0.1496]","[-0.0525, -0.0013, -0.051]"
1744039912302,BTC_USDT,78261.6,-0.0513,78271.3,78304.2,1910940280,14927917044.45718,86134.6,70473.7,74461.5,82780.1,78259,78259.1,89516321,-4235.9,4.5e-05,UTC+8,"[-0.0513, -0.0536, -0.115, -0.2335, 0.257, 0.1493]","[-0.0528, -0.0016, -0.0513]"
1744039914293,BTC_USDT,78276.5,-0.0511,78266,78278.3,1910946768,14927967820.84834,86106.1,70450.4,74461.5,82780.1,78279.9,78280.0,89524846,-4221.0,4.5e-05,UTC+8,"[-0.0511, -0.0534, -0.1148, -0.2333, 0.2572, 0.1495]","[-0.0526, -0.0014, -0.0511]"
1744039916295,BTC_USDT,78305.2,-0.0508,78283.7,78320.9,1910955697,14928037717.67556,86152.9,70488.8,74461.5,82780.1,78305.1,78305.2,89533616,-4192.3,4.5e-05,UTC+8,"[-0.0508, -0.0531, -0.1145, -0.233, 0.2577, 0.1499]","[-0.0523, -0.001, -0.0508]"
1744039920304,BTC_USDT,78285.0,-0.051,78310.8,78339.5,1910976052,14928197125.69739,86173.4,70505.5,74461.5,82780.1,78284.9,78285.0,89560482,-4212.5,4.5e-05,UTC+8,"[-0.051, -0.0533, -0.1147, -0.2332, 0.2573, 0.1496]","[-0.0525, -0.0013, -0.051]"
1744039922341,BTC_USDT,78311.0,-0.0507,78294.7,78333.9,1910988387,14928293689.65038,86167.2,70500.5,74461.5,82780.1,78311.4,78313.3,89575870,-4186.5,4.5e-05,UTC+8,"[-0.0507, -0.053, -0.1144, -0.233, 0.2578, 0.15]","[-0.0522, -0.001, -0.0507]"
1744039924309,BTC_USDT,78277.6,-0.0511,78308.2,78318.5,1910991027,14928314358.17577,86150.3,70486.6,74461.5,82780.1,78270.6,78270.7,89580181,-4219.9,4.5e-05,UTC+8,"[-0.0511, -0.0534, -0.1148, -0.2333, 0.2572, 0.1495]","[-0.0526, -0.0014, -0.0511]"
1744039926304,BTC_USDT,78270.7,-0.0512,78270.7,78307.2,1911018187,14928526938.99193,86137.9,70476.4,74461.5,82780.1,78298.2,78298.3,89640407,-4226.8,4.5e-05,UTC+8,"[-0.0512, -0.0535, -0.1149, -0.2334, 0.2571, 0.1494]","[-0.0527, -0.0015, -0.0512]"
1744039928296,BTC_USDT,78326.7,-0.0505,78287.5,78325.4,1911097634,14929148933.25068,86157.9,70492.8,74461.5,82780.1,78320,78326.8,89757857,-4170.8,4.5e-05,UTC+8,"[-0.0505, -0.0528, -0.1142, -0.2328, 0.258, 0.1502]","[-0.052, -0.0008, -0.0505]"
1744039930283,BTC_USDT,78347.4,-0.0503,78334.3,78370.0,1911140977,14929488424.49607,86207.0,70533,74461.5,82780.1,78347.4,78347.5,89760858,-4150.1,4.5e-05,UTC+8,"[-0.0503, -0.0526, -0.114, -0.2326, 0.2583, 0.1505]","[-0.0518, -0.0005, -0.0503]"
1744039934302,BTC_USDT,78304.6,-0.0508,78302.8,78339.4,1911174844,14929753787.74682,86173.3,70505.4,74461.5,82780.1,78300.3,78300.4,89808454,-4192.9,4.5e-05,UTC+8,"[-0.0508, -0.0531, -0.1145, -0.233, 0.2577, 0.1499]","[-0.0523, -0.001, -0.0508]"
1744039936292,BTC_USDT,78294.6,-0.0509,78290.7,78320.4,1911221418,14930118453.16812,86152.4,70488.3,74461.5,82780.1,78295.7,78295.8,89815035,-4202.9,4.5e-05,UTC+8,"[-0.0509, -0.0532, -0.1146, -0.2331, 0.2575, 0.1498]","[-0.0524, -0.0012, -0.0509]"
1744039938302,BTC_USDT,78267.5,-0.0512,78276.4,78298.1,1911251935,14930357318.61424,86127.9,70468.2,74461.5,82780.1,78264,78264.1,89828486,-4230.0,4.5e-05,UTC+8,"[-0.0512, -0.0535, -0.1149, -0.2334, 0.2571, 0.1494]","[-0.0527, -0.0015, -0.0512]"
1744039940302,BTC_USDT,78270.7,-0.0512,78260.3,78294.0,1911293516,14930682782.13946,86123.4,70464.6,74461.5,82780.1,78270,78270.1,89832822,-4226.8,4.5e-05,UTC+8,"[-0.0512, -0.0535, -0.1149, -0.2334, 0.2571, 0.1494]","[-0.0527, -0.0015, -0.0512]"
1744039942308,BTC_USDT,78268.1,-0.0512,78268.1,78289.8,1911316679,14930864058.65293,86118.7,70460.8,74461.5,82780.1,78262,78262.1,89835320,-4229.4,4.5e-05,UTC+8,"[-0.0512, -0.0535, -0.1149, -0.2334, 0.2571, 0.1494]","[-0.0527, -0.0015, -0.0512]"
1744039944312,BTC_USDT,78268.1,-0.0512,78268.1,78300.1,1911342496,14931066115.08549,86130.1,70470,74461.5,82780.1,78278,78280.1,89840004,-4229.4,4.5e-05,UTC+8,"[-0.0512, -0.0535, -0.1149, -0.2334, 0.2571, 0.1494]","[-0.0527, -0.0015, -0.0512]"
1744039948326,BTC_USDT,78286.0,-0.051,78273.3,78305.7,1911410896,14931601467.33406,86136.2,70475.1,74461.5,82780.1,78297.9,78304.1,89853900,-4211.5,4.5e-05,UTC+8,"[-0.051, -0.0533, -0.1147, -0.2332, 0.2574, 0.1496]","[-0.0525, -0.0013, -0.051]"
1744039950302,BTC_USDT,78305.0,-0.0508,78336.5,78363.5,1911429631,14931748218.72207,86199.8,70527.1,74461.5,82780.1,78300.8,78305.0,89866402,-4192.5,4.5e-05,UTC+8,"[-0.0508, -0.0531, -0.1145, -0.233, 0.2577, 0.1499]","[-0.0523, -0.001, -0.0508]"
1744039952307,BTC_USDT,78308.1,-0.0507,78308.3,78339.9,1911438464,14931817385.42804,86173.8,70505.9,74461.5,82780.1,78308,78308.9,89562559,-4189.4,4.5e-05,UTC+8,"[-0.0507, -0.0531, -0.1145, -0.233, 0.2577, 0.15]","[-0.0523, -0.001, -0.0507]"
1744039954305,BTC_USDT,78318.2,-0.0506,78316.8,78347.2,1911499156,14932292715.07487,86181.9,70512.4,74461.5,82780.1,78295.8,78295.9,89647691,-4179.3,4.5e-05,UTC+8,"[-0.0506, -0.0529, -0.1143, -0.2329, 0.2579, 0.1501]","[-0.0521, -0.0009, -0.0506]"
1744039956295,BTC_USDT,78294.7,-0.0509,78289.9,78324.1,1911514919,14932416125.64407,86156.5,70491.6,74461.5,82780.1,78296.1,78298.0,89649689,-4202.8,4.5e-05,UTC+8,"[-0.0509, -0.0532, -0.1146, -0.2331, 0.2575, 0.1498]","[-0.0524, -0.0012, -0.0509]"
1744039960339,BTC_USDT,78332.6,-0.0504,78336.1,78350.8,1911530782,14932540348.24233,86185.8,70515.7,74461.5,82780.1,78332.6,78332.7,89655497,-4164.9,4.5e-05,UTC+8,"[-0.0504, -0.0528, -0.1142, -0.2328, 0.2581, 0.1503]","[-0.052, -0.0007, -0.0504]"
1744039962304,BTC_USDT,78358.0,-0.0501,78354,78386.1,1911628200,14933303461.29376,86224.7,70547.4,74461.5,82780.1,78367.3,78370.5,89817429,-4139.5,4.5e-05,UTC+8,"[-0.0501, -0.0525, -0.1139, -0.2325, 0.2585, 0.1507]","[-0.0517, -0.0004, -0.0501]"
1744039964307,BTC_USDT,78337.1,-0.0504,78372.1,78396.2,1911659704,14933550349.64169,86235.8,70556.5,74461.5,82780.1,78339.2,78339.3,89839153,-4160.4,4.5e-05,UTC+8,"[-0.0504, -0.0527, -0.1141, -0.2327, 0.2582, 0.1504]","[-0.0519, -0.0006, -0.0504]"
1744039966304,BTC_USDT,78342.4,-0.0503,78333,78362.2,1911668560,14933619724.81294,86198.4,70525.9,74461.5,82780.1,78349.7,78351.1,89850927,-4155.1,4.5e-05,UTC+8,"[-0.0503, -0.0526, -0.1141, -0.2327, 0.2583, 0.1505]","[-0.0518, -0.0006, -0.0503]"
1744039968297,BTC_USDT,78278.0,-0.0511,78330.8,78330.4,1911684669,14933745911.90882,86163.4,70497.3,74461.5,82780.1,78273.8,78273.9,89866742,-4219.5,4.5e-05,UTC+8,"[-0.0511, -0.0534, -0.1148, -0.2333, 0.2572, 0.1495]","[-0.0526, -0.0014, -0.0511]"
1744039972299,BTC_USDT,78260.8,-0.0513,78250,78284.3,1911840038,14934961525.99062,86112.7,70455.8,74461.5,82780.1,78262.4,78262.5,89872960,-4236.7,4.5e-05,UTC+8,"[-0.0513, -0.0536, -0.115, -0.2335, 0.257, 0.1493]","[-0.0528, -0.0016, -0.0513]"
1744039974304,BTC_USDT,78284.1,-0.051,78280,78313.5,1911871818,14935210277.49951,86144.8,70482.1,74461.5,82780.1,78293.6,78293.7,89556459,-4213.4,4.5e-05,UTC+8,"[-0.051, -0.0533, -0.1147, -0.2332, 0.2573, 0.1496]","[-0.0525, -0.0013, -0.051]"
1744039976306,BTC_USDT,78310.1,-0.0507,78315.4,78354.6,1911934908,14935704392.03843,86190.0,70519.1,74461.5,82780.1,78310,78310.1,89561798,-4187.4,4.5e-05,UTC+8,"[-0.0507, -0.053, -0.1144, -0.233, 0.2577, 0.15]","[-0.0522, -0.001, -0.0507]"
1744039978300,BTC_USDT,78310.0,-0.0507,78311,78348.5,1911947203,14935800679.07095,86183.3,70513.6,74461.5,82780.1,78319.3,78323.1,89569132,-4187.5,4.5e-05,UTC+8,"[-0.0507, -0.053, -0.1144, -0.233, 0.2577, 0.15]","[-0.0522, -0.001, -0.0507]"
1744039980309,BTC_USDT,78340.0,-0.0503,78343.8,78368.0,1911963816,14935930828.93713,86204.8,70531.2,74461.5,82780.1,78336,78336.1,89576904,-4157.5,4.5e-05,UTC+8,"[-0.0503, -0.0527, -0.1141, -0.2327, 0.2582, 0.1504]","[-0.0519, -0.0006, -0.0503]"
1744039984317,BTC_USDT,78374.1,-0.0499,78392.9,78400.8,1912039815,14936526616.08004,86240.8,70560.7,74461.5,82780.1,78374,78374.1,89615100,-4123.4,4.5e-05,UTC+8,"[-0.0499, -0.0523, -0.1137, -0.2324, 0.2588, 0.1509]","[-0.0515, -0.0002, -0.0499]"
1744039986310,BTC_USDT,78376.6,-0.0499,78364.3,78395.8,1912075275,14936804529.23941,86235.3,70556.2,74461.5,82780.1,78376.6,78376.7,89620364,-4120.9,4.5e-05,UTC+8,"[-0.0499, -0.0522, -0.1137, -0.2323, 0.2588, 0.151]","[-0.0514, -0.0001, -0.0499]"
1744039988309,BTC_USDT,78440.8,-0.0491,78444,78473.3,1912080518,14936845626.02429,86320.6,70625.9,74461.5,82780.1,78440.8,78443.6,89623578,-4056.7,4.5e-05,UTC+8,"[-0.0491, -0.0515, -0.113, -0.2317, 0.2598, 0.1519]","[-0.0506, 0.0006, -0.0491]"
1744039990303,BTC_USDT,78448.2,-0.049,78449.2,78476.8,1912105701,14937043175.58481,86324.4,70629.1,74461.5,82780.1,78435.5,78435.6,89652836,-4049.3,4.5e-05,UTC+8,"[-0.049, -0.0514, -0.1129, -0.2316, 0.26, 0.152]","[-0.0506, 0.0007, -0.049]"
1744039992287,BTC_USDT,78404.3,-0.0496,78414.2,78442.1,1912132667,14937254626.76886,86286.3,70597.8,74461.5,82780.1,78397.8,78399.8,89662561,-4093.2,4.5e-05,UTC+8,"[-0.0496, -0.0519, -0.1134, -0.2321, 0.2593, 0.1514]","[-0.0511, 0.0001, -0.0496]"
1744039994346,BTC_USDT,78360.2,-0.0501,78394.5,78412.8,1912152905,14937413262.33824,86254.0,70571.5,74461.5,82780.1,78360.1,78360.2,89667094,-4137.3,4.5e-05,UTC+8,"[-0.0501, -0.0524, -0.1139, -0.2325, 0.2586, 0.1507]","[-0.0516, -0.0003, -0.0501]"
1744039998286,BTC_USDT,78305.8,-0.0508,78310,78344.1,1912187859,14937687066.68315,86178.5,70509.6,74461.5,82780.1,78305.7,78305.8,89501756,-4191.7,4.5e-05,UTC+8,"[-0.0508, -0.0531, -0.1145, -0.233, 0.2577, 0.1499]","[-0.0523, -0.001, -0.0508]"
1744040000301,BTC_USDT,78312.0,-0.0507,78304,78340.8,1912204678,14937818761.86899,86174.8,70506.7,74461.5,82780.1,78311.9,78312.0,89505134,-4185.5,4.5e-05,UTC+8,"[-0.0507, -0.053, -0.1144, -0.233, 0.2578, 0.15]","[-0.0522, -0.0009, -0.0507]"
1744040002297,BTC_USDT,78309.9,-0.0507,78304.2,78333.0,1912210339,14937863084.91167,86166.3,70499.7,74461.5,82780.1,78309.9,78310.0,89512089,-4187.6,4.5e-05,UTC+8,"[-0.0507, -0.053, -0.1144, -0.233, 0.2577, 0.15]","[-0.0522, -0.001, -0.0507]"
1744040004297,BTC_USDT,78360.2,-0.0501,78343.8,78382.2,1912211803,14937874552.68164,86220.4,70543.9,74461.5,82780.1,78336.2,78336.3,89512089,-4137.3,4.5e-05,UTC+8,"[-0.0501, -0.0524, -0.1139, -0.2325, 0.2586, 0.1507]","[-0.0516, -0.0003, -0.0501]"
1744040006310,BTC_USDT,78350.6,-0.0502,78347.9,78384.2,1912247295,14938152624.60089,86222.6,70545.7,74461.5,82780.1,78350.6,78350.7,89558521,-4146.9,4.5e-05,UTC+8,"[-0.0502, -0.0525, -0.114, -0.2326, 0.2584, 0.1506]","[-0.0517, -0.0005, -0.0502]"
1744040010298,BTC_USDT,78315.1,-0.0506,78323.9,78350.4,1912281184,14938418116.32187,86185.4,70515.3,74461.5,82780.1,78313.7,78313.8,89583005,-4182.4,4.5e-05,UTC+8,"[-0.0506, -0.053, -0.1144, -0.2329, 0.2578, 0.1501]","[-0.0522, -0.0009, -0.0506]"
1744040012299,BTC_USDT,78330.4,-0.0505,78322.1,78359.2,1912284801,14938446444.03384,86195.1,70523.2,74461.5,82780.1,78336.5,78337.4,89588656,-4167.1,4.5e-05,UTC+8,"[-0.0505, -0.0528, -0.1142, -0.2328, 0.2581, 0.1503]","[-0.052, -0.0007, -0.0505]"
1744040014309,BTC_USDT,78353.4,-0.0502,78338,78374.9,1912295183,14938527781.6597,86212.3,70537.4,74461.5,82780.1,78366.5,78366.6,89525543,-4144.1,4.5e-05,UTC+8,"[-0.0502, -0.0525, -0.1139, -0.2326, 0.2584, 0.1506]","[-0.0517, -0.0004, -0.0502]"
1744040016313,BTC_USDT,78377.4,-0.0499,78375.5,78410.4,1912302741,14938587013.8719,86251.4,70569.3,74461.5,82780.1,78377.4,78377.5,89532995,-4120.1,4.5e-05,UTC+8,"[-0.0499, -0.0522, -0.1137, -0.2323, 0.2588, 0.151]","[-0.0514, -0.0001, -0.0499]"
1744040018309,BTC_USDT,78370.1,-0.05,78386.9,78409.6,1912307314,14938622855.73745,86250.5,70568.6,74461.5,82780.1,78370.1,78373.1,89536980,-4127.4,4.5e-05,UTC+8,"[-0.05, -0.0523, -0.1138, -0.2324, 0.2587, 0.1509]","[-0.0515, -0.0002, -0.05]"
1744040020325,BTC_USDT,78402.7,-0.0496,78398.2,78435.1,1912307911,14938627534.84638,86278.6,70591.5,74461.5,82780.1,78406.7,78406.8,89537918,-4094.8,4.5e-05,UTC+8,"[-0.0496, -0.0519, -0.1134, -0.2321, 0.2592, 0.1513]","[-0.0511, 0.0001, -0.0496]"
1744040024297,BTC_USDT,78390.6,-0.0497,78393.6,78431.3,1912343124,14938903593.43914,86274.4,70588.1,74461.5,82780.1,78379.3,78383.8,89599286,-4106.9,4.5e-05,UTC+8,"[-0.0497, -0.0521, -0.1135, -0.2322, 0.259, 0.1512]","[-0.0513, 0.0, -0.0497]"
1744040026308,BTC_USDT,78345.4,-0.0503,78377.5,78401.9,1912356203,14939006092.10681,86242.0,70561.7,74461.5,82780.1,78343.6,78343.7,89609118,-4152.1,4.5e-05,UTC+8,"[-0.0503, -0.0526, -0.114, -0.2326, 0.2583, 0.1505]","[-0.0518, -0.0005, -0.0503]"
1744040028304,BTC_USDT,78309.7,-0.0507,78343.6,78374.1,1912375976,14939160992.10266,86211.5,70536.6,74461.5,82780.1,78302.5,78304.6,89609759,-4187.8,4.5e-05,UTC+8,"[-0.0507, -0.053, -0.1144, -0.233, 0.2577, 0.15]","[-0.0522, -0.001, -0.0507]"
1744040030287,BTC_USDT,78304.3,-0.0508,78309.7,78339.8,1912398315,14939335912.4966,86173.7,70505.8,74461.5,82780.1,78307.2,78307.3,89642498,-4193.2,4.5e-05,UTC+8,"[-0.0508, -0.0531, -0.1145, -0.233, 0.2577, 0.1499]","[-0.0523, -0.001, -0.0508]"
1744040032307,BTC_USDT,78318.2,-0.0506,78310,78346.2,1912457430,14939798815.56698,86180.8,70511.5,74461.5,82780.1,78310.9,78311.0,89749475,-4179.3,4.5e-05,UTC+8,"[-0.0506, -0.0529, -0.1143, -0.2329, 0.2579, 0.1501]","[-0.0521, -0.0009, -0.0506]"
1744040036311,BTC_USDT,78319.9,-0.0506,78315.3,78346.7,1912506088,14940179857.04814,86181.3,70512,74461.5,82780.1,78316.9,78319.9,89682459,-4177.6,4.5e-05,UTC+8,"[-0.0506, -0.0529, -0.1143, -0.2329, 0.2579, 0.1501]","[-0.0521, -0.0008, -0.0506]"
1744040038319,BTC_USDT,78283.9,-0.051,78311.9,78304.0,1912538590,14940434391.94673,86134.4,70473.6,74461.5,82780.1,78258,78260.3,89702452,-4213.6,4.5e-05,UTC+8,"[-0.051, -0.0533, -0.1147, -0.2332, 0.2573, 0.1496]","[-0.0525, -0.0013, -0.051]"
1744040040323,BTC_USDT,78233.0,-0.0516,78234.5,78267.8,1912621190,14941080693.35715,86094.5,70441,74461.5,82780.1,78230,78230.1,89706395,-4264.5,4.5e-05,UTC+8,"[-0.0516, -0.054, -0.1153, -0.2337, 0.2565, 0.1488]","[-0.0532, -0.002, -0.0516]"
1744040042318,BTC_USDT,78220.2,-0.0518,78239.7,78263.4,1912634292,14941183181.51017,86089.7,70437,74461.5,82780.1,78202.5,78207.3,89708336,-4277.3,4.5e-05,UTC+8,"[-0.0518, -0.0541, -0.1154, -0.2339, 0.2563, 0.1487]","[-0.0533, -0.0021, -0.0518]"
1744040044298,BTC_USDT,78182.0,-0.0523,78188.1,78218.6,1912706644,14941748906.46951,86040.4,70396.7,74461.5,82780.1,78181.9,78182.0,89812820,-4315.5,4.5e-05,UTC+8,"[-0.0523, -0.0546, -0.1159, -0.2342, 0.2557, 0.1481]","[-0.0538, -0.0026, -0.0523]"
1744040048278,BTC_USDT,78235.5,-0.0516,78222.3,78264.5,1912776839,14942297751.51901,86090.9,70438,74461.5,82780.1,78223.4,78223.5,89854133,-4262.0,4.5e-05,UTC+8,"[-0.0516, -0.0539, -0.1153, -0.2337, 0.2565, 0.1489]","[-0.0531, -0.0019, -0.0516]"
1744040050300,BTC_USDT,78260.0,-0.0513,78260.1,78292.0,1912825785,14942680687.78581,86121.2,70462.8,74461.5,82780.1,78265.6,78275.8,89866062,-4237.5,4.5e-05,UTC+8,"[-0.0513, -0.0536, -0.115, -0.2335, 0.2569, 0.1492]","[-0.0528, -0.0016, -0.0513]"
1744040052292,BTC_USDT,78280.0,-0.0511,78291.6,78327.7,1912828271,14942700150.85185,86160.4,70494.9,74461.5,82780.1,78290,78290.1,89680562,-4217.5,4.5e-05,UTC+8,"[-0.0511, -0.0534, -0.1148, -0.2333, 0.2573, 0.1495]","[-0.0526, -0.0014, -0.0511]"
1744040054305,BTC_USDT,78301.1,-0.0508,78311.7,78347.8,1912835158,14942754063.88274,86182.5,70513,74461.5,82780.1,78310.6,78310.7,89682830,-4196.4,4.5e-05,UTC+8,"[-0.0508, -0.0531, -0.1145, -0.2331, 0.2576, 0.1498]","[-0.0523, -0.0011, -0.0508]"
1744040056308,BTC_USDT,78300.0,-0.0508,78301.1,78335.8,1912835484,14942756616.40587,86169.3,70502.2,74461.5,82780.1,78305,78305.1,89683268,-4197.5,4.5e-05,UTC+8,"[-0.0508, -0.0532, -0.1145, -0.2331, 0.2576, 0.1498]","[-0.0524, -0.0011, -0.0508]"
1744040058308,BTC_USDT,78270.0,-0.0512,78285.1,78303.9,1912836908,14942767763.22192,86134.2,70473.5,74461.5,82780.1,78270,78270.1,89683698,-4227.5,4.5e-05,UTC+8,"[-0.0512, -0.0535, -0.1149, -0.2334, 0.2571, 0.1494]","[-0.0527, -0.0015, -0.0512]"
1744040062294,BTC_USDT,78238.7,-0.0516,78275.8,78275.4,1912849911,14942869537.2102,86102.9,70447.8,74461.5,82780.1,78238.7,78238.8,89704478,-4258.8,4.5e-05,UTC+8,"[-0.0516, -0.0539, -0.1152, -0.2337, 0.2566, 0.1489]","[-0.0531, -0.0019, -0.0516]"
1744040064281,BTC_USDT,78244.0,-0.0515,78243.6,78279.3,1912860950,14942955912.23298,86107.2,70451.3,74461.5,82780.1,78215.7,78225.1,89710247,-4253.5,4.5e-05,UTC+8,"[-0.0515, -0.0538, -0.1152, -0.2336, 0.2567, 0.149]","[-0.053, -0.0018, -0.0515]"
1744040066278,BTC_USDT,78254.5,-0.0514,78251.8,78279.0,1912862802,14942970404.08837,86106.9,70451.1,74461.5,82780.1,78254.5,78254.6,89714277,-4243.0,4.5e-05,UTC+8,"[-0.0514, -0.0537, -0.1151, -0.2335, 0.2569, 0.1492]","[-0.0529, -0.0017, -0.0514]"
1744040068290,BTC_USDT,78238.0,-0.0516,78250.1,78277.2,1912950620,14943657527.07449,86104.9,70449.4,74461.5,82780.1,78237.9,78238.0,89715946,-4259.5,4.5e-05,UTC+8,"[-0.0516, -0.0539, -0.1152, -0.2337, 0.2566, 0.1489]","[-0.0531, -0.0019, -0.0516]"
1744040070301,BTC_USDT,78225.9,-0.0517,78247.5,78269.2,1912965523,14943774127.05907,86096.1,70442.2,74461.5,82780.1,78227.9,78228.0,89741846,-4271.6,4.5e-05,UTC+8,"[-0.0517, -0.0541, -0.1154, -0.2338, 0.2564, 0.1487]","[-0.0532, -0.002, -0.0517]"
1744040074297,BTC_USDT,78265.5,-0.0512,78266.8,78299.2,1913003117,14944068230.81161,86129.1,70469.2,74461.5,82780.1,78262.5,78262.6,89760703,-4232.0,4.5e-05,UTC+8,"[-0.0512, -0.0536, -0.1149, -0.2334, 0.257, 0.1493]","[-0.0528, -0.0015, -0.0512]"
1744040076294,BTC_USDT,78323.3,-0.0505,78309.7,78351.5,1913036049,14944326104.52435,86186.6,70516.3,74461.5,82780.1,78324.9,78325.0,89774973,-4174.2,4.5e-05,UTC+8,"[-0.0505, -0.0529, -0.1143, -0.2329, 0.258, 0.1502]","[-0.0521, -0.0008, -0.0505]"
