timestamp,symbol,lastPrice,riseFallRate,fairPrice,indexPrice,volume24,amount24,maxBidPrice,minAskPrice,lower24Price,high24Price,bid1,ask1,holdVol,riseFallValue,fundingRate,zone,riseFallRates,riseFallRatesOfTimezone
1760020530483,BTC_USDT,121367.7,-0.0063,121368.1,121433.8,381257441,4676051209.3919,133577.1,109290.4,121081.5,124149,121367.7,121367.8,101896214,-772.4,4.6e-05,UTC+8,"[-0.0063, 0.034, 0.0781, 0.0899, 0.4713, 0.9493]","[-0.0095, -0.0151, -0.0063]"
1760020532484,BTC_USDT,121346.9,-0.0064,121346.9,121410.1,381261401,4676099264.46324,133551.1,109269.0,121081.5,124149,121346.9,121347.0,101898843,-793.2,4.6e-05,UTC+8,"[-0.0064, 0.0339, 0.0779, 0.0897, 0.4711, 0.949]","[-0.0097, -0.0153, -0.0064]"
1760020534499,BTC_USDT,121349.9,-0.0064,121347,121406.3,381261620,4676101921.96327,133546.9,109265.6,121081.5,124149,121349.9,121350.0,101898972,-790.2,4.6e-05,UTC+8,"[-0.0064, 0.0339, 0.0779, 0.0898, 0.4711, 0.949]","[-0.0097, -0.0153, -0.0064]"
1760020536482,BTC_USDT,121360.7,-0.0063,121360.8,121421.8,381262367,4676110987.26491,133563.9,109279.6,121081.5,124149,121360.7,121360.8,101899364,-779.4,4.6e-05,UTC+8,"[-0.0063, 0.034, 0.078, 0.0899, 0.4712, 0.9492]","[-0.0096, -0.0152, -0.0063]"
1760020540480,BTC_USDT,121370.7,-0.0062,121359.6,121425.2,381289994,4676446287.42835,133567.7,109282.6,121081.5,124149,121370.7,121370.8,101919570,-769.4,4.6e-05,UTC+8,"[-0.0062, 0.0341, 0.0781, 0.09, 0.4713, 0.9494]","[-0.0095, -0.0151, -0.0062]"
1760020542484,BTC_USDT,121363.1,-0.0063,121366.1,121425.4,381301248,4676582876.81372,133567.9,109282.8,121081.5,124149,121363.1,121363.2,101921219,-777.0,4.6e-05,UTC+8,"[-0.0063, 0.034, 0.078, 0.0899, 0.4713, 0.9493]","[-0.0096, -0.0152, -0.0063]"
1760020544493,BTC_USDT,121359.1,-0.0063,121359.4,121424.7,381320120,4676811911.64643,133567.1,109282.2,121081.5,124149,121359.1,121359.2,101941077,-781.0,4.6e-05,UTC+8,"[-0.0063, 0.034, 0.078, 0.0899, 0.4712, 0.9492]","[-0.0096, -0.0152, -0.0063]"
1760020546470,BTC_USDT,121359.2,-0.0063,121359.6,121425.0,381322916,4676845843.66502,133567.5,109282.5,121081.5,124149,121359.1,121359.2,101946461,-780.9,4.6e-05,UTC+8,"[-0.0063, 0.034, 0.078, 0.0899, 0.4712, 0.9492]","[-0.0096, -0.0152, -0.0063]"
1760020550557,BTC_USDT,121359.2,-0.0063,121359.7,121425.0,381331361,4676948331.47069,133567.5,109282.5,121081.5,124149,121359.1,121359.2,101900297,-780.9,4.6e-05,UTC+8,"[-0.0063, 0.034, 0.078, 0.0899, 0.4712, 0.9492]","[-0.0096, -0.0152, -0.0063]"
1760020552504,BTC_USDT,121359.2,-0.0063,121359.7,121425.0,381332170,4676958149.42847,133567.5,109282.5,121081.5,124149,121359.1,121359.2,101901464,-780.9,4.6e-05,UTC+8,"[-0.0063, 0.034, 0.078, 0.0899, 0.4712, 0.9492]","[-0.0096, -0.0152, -0.0063]"
1760020554477,BTC_USDT,121370.7,-0.0062,121359.8,121425.1,381333279,4676971608.24617,133567.6,109282.5,121081.5,124149,121370.6,121370.7,101901657,-769.4,4.6e-05,UTC+8,"[-0.0062, 0.0341, 0.0781, 0.09, 0.4713, 0.9494]","[-0.0095, -0.0151, -0.0062]"
1760020556488,BTC_USDT,121364.3,-0.0063,121370.7,121427.3,381336870,4677015192.44311,133570.0,109284.5,121081.5,124149,121364.3,121364.4,101903512,-775.8,4.6e-05,UTC+8,"[-0.0063, 0.034, 0.078, 0.0899, 0.4713, 0.9493]","[-0.0095, -0.0151, -0.0063]"
1760020558523,BTC_USDT,121388.4,-0.0061,121376.8,121442.0,381338295,4677032489.05015,133586.2,109297.8,121081.5,124149,121383.8,121383.9,101906198,-751.7,4.6e-05,UTC+8,"[-0.0061, 0.0342, 0.0783, 0.0901, 0.4716, 0.9497]","[-0.0094, -0.015, -0.0061]"
1760020562475,BTC_USDT,121359.1,-0.0063,121360.4,121425.7,381349391,4677167168.56659,133568.2,109283.1,121081.5,124149,121359.1,121359.2,101918132,-781.0,4.6e-05,UTC+8,"[-0.0063, 0.034, 0.078, 0.0899, 0.4712, 0.9492]","[-0.0096, -0.0152, -0.0063]"
1760020564580,BTC_USDT,121355.8,-0.0064,121360.3,121425.6,381355833,4677245347.12949,133568.1,109283.0,121081.5,124149,121355.8,121355.9,101924896,-784.3,4.6e-05,UTC+8,"[-0.0064, 0.0339, 0.078, 0.0898, 0.4712, 0.9491]","[-0.0096, -0.0152, -0.0064]"
1760020566484,BTC_USDT,121347.6,-0.0064,121347.6,121412.9,381357366,4677263950.1718,133554.1,109271.6,121081.5,124149,121347.5,121347.6,101927193,-792.5,4.6e-05,UTC+8,"[-0.0064, 0.0339, 0.0779, 0.0897, 0.4711, 0.949]","[-0.0097, -0.0153, -0.0064]"
1760020568475,BTC_USDT,121342.3,-0.0065,121343.4,121406.1,381360709,4677304515.55367,133546.7,109265.4,121081.5,124149,121342.3,121342.4,101929762,-797.8,4.6e-05,UTC+8,"[-0.0065, 0.0338, 0.0778, 0.0897, 0.471, 0.9489]","[-0.0097, -0.0153, -0.0065]"
1760020572481,BTC_USDT,121333.0,-0.0066,121336.6,121401.8,381429460,4678138745.8111,133541.9,109261.6,121081.5,124149,121333,121333.1,101896953,-807.1,4.6e-05,UTC+8,"[-0.0066, 0.0338, 0.0778, 0.0896, 0.4709, 0.9488]","[-0.0098, -0.0154, -0.0066]"
1760020574526,BTC_USDT,121334.2,-0.0065,121335.9,121401.1,381463451,4678551170.38365,133541.2,109260.9,121081.5,124149,121334.2,121334.3,101915442,-805.9,4.6e-05,UTC+8,"[-0.0065, 0.0338, 0.0778, 0.0896, 0.4709, 0.9488]","[-0.0098, -0.0154, -0.0065]"
1760020576511,BTC_USDT,121289.4,-0.0069,121299.2,121364.3,381556221,4679676480.93159,133500.7,109227.8,121081.5,124149,121288.1,121288.2,101997050,-850.7,4.6e-05,UTC+8,"[-0.0069, 0.0334, 0.0774, 0.0892, 0.4704, 0.9481]","[-0.0102, -0.0158, -0.0069]"
1760020578488,BTC_USDT,121269.1,-0.0071,121280.1,121340.2,381643692,4680737312.57778,133474.2,109206.1,121081.5,124149,121269.1,121269.2,102045148,-871.0,4.6e-05,UTC+8,"[-0.0071, 0.0332, 0.0772, 0.089, 0.4701, 0.9477]","[-0.0103, -0.0159, -0.0071]"
1760020582480,BTC_USDT,121273.6,-0.007,121274.8,121339.8,381738716,4681889674.31664,133473.7,109205.8,121081.5,124149,121273.5,121273.6,102053941,-866.5,4.6e-05,UTC+8,"[-0.007, 0.0332, 0.0772, 0.0891, 0.4702, 0.9478]","[-0.0103, -0.0159, -0.007]"
1760020584489,BTC_USDT,121240.3,-0.0073,121240.3,121303.7,381800879,4682643415.83856,133434.0,109173.3,121081.5,124149,121240.1,121240.2,102145056,-899.8,4.6e-05,UTC+8,"[-0.0073, 0.033, 0.0769, 0.0888, 0.4698, 0.9473]","[-0.0106, -0.0162, -0.0073]"
1760020586482,BTC_USDT,121229.7,-0.0074,121236.3,121301.3,381878718,4683587063.19406,133431.4,109171.1,121081.5,124149,121229.7,121229.8,102168387,-910.4,4.6e-05,UTC+8,"[-0.0074, 0.0329, 0.0768, 0.0887, 0.4696, 0.9471]","[-0.0106, -0.0162, -0.0074]"
1760020588469,BTC_USDT,121226.9,-0.0074,121233.5,121298.5,381888714,4683708240.96246,133428.3,109168.6,121081.5,124149,121226.8,121226.9,102177902,-913.2,4.6e-05,UTC+8,"[-0.0074, 0.0328, 0.0768, 0.0887, 0.4696, 0.9471]","[-0.0107, -0.0163, -0.0074]"
1760020592498,BTC_USDT,121253.9,-0.0072,121251.8,121316.8,381945423,4684395755.06925,133448.4,109185.1,121081.5,124149,121254.5,121254.6,102202665,-886.2,4.6e-05,UTC+8,"[-0.0072, 0.0331, 0.0771, 0.0889, 0.4699, 0.9475]","[-0.0104, -0.016, -0.0072]"
1760020594530,BTC_USDT,121254.6,-0.0072,121254.5,121317.6,381980813,4684824874.62076,133449.3,109185.8,121081.5,124149,121254.5,121254.6,101873541,-885.5,4.6e-05,UTC+8,"[-0.0072, 0.0331, 0.0771, 0.0889, 0.4699, 0.9475]","[-0.0104, -0.016, -0.0072]"
1760020596502,BTC_USDT,121259.3,-0.0072,121266.2,121331.2,382022868,4685334821.18593,133464.3,109198.0,121081.5,124149,121259.2,121259.3,101896565,-880.8,4.6e-05,UTC+8,"[-0.0072, 0.0331, 0.0771, 0.089, 0.47, 0.9476]","[-0.0104, -0.016, -0.0072]"
1760020598492,BTC_USDT,121250.8,-0.0072,121252.6,121316.1,382036005,4685494111.95251,133447.7,109184.4,121081.5,124149,121237.8,121242.7,101908352,-889.3,4.6e-05,UTC+8,"[-0.0072, 0.0331, 0.077, 0.0889, 0.4699, 0.9474]","[-0.0105, -0.0161, -0.0072]"
1760020600487,BTC_USDT,121237.9,-0.0073,121237.9,121302.5,382057571,4685755573.49586,133432.7,109172.2,121081.5,124149,121237.8,121237.9,101915797,-902.2,4.6e-05,UTC+8,"[-0.0073, 0.0329, 0.0769, 0.0888, 0.4697, 0.9472]","[-0.0106, -0.0162, -0.0073]"
1760020604479,BTC_USDT,121237.9,-0.0073,121237.8,121302.3,382346189,4689254719.82249,133432.5,109172.0,121081.5,124149,121237.8,121237.9,102294450,-902.2,4.6e-05,UTC+8,"[-0.0073, 0.0329, 0.0769, 0.0888, 0.4697, 0.9472]","[-0.0106, -0.0162, -0.0073]"
1760020606608,BTC_USDT,121232.1,-0.0074,121236.1,121300.9,382377809,4689638063.55869,133430.9,109170.8,121081.5,124149,121232,121232.1,102300177,-908.0,4.6e-05,UTC+8,"[-0.0074, 0.0329, 0.0769, 0.0887, 0.4697, 0.9471]","[-0.0106, -0.0162, -0.0074]"
1760020608486,BTC_USDT,121253.9,-0.0072,121235.2,121300.1,382388855,4689771974.19899,133430.1,109170.0,121081.5,124149,121254.4,121254.5,102314375,-886.2,4.6e-05,UTC+8,"[-0.0072, 0.0331, 0.0771, 0.0889, 0.4699, 0.9475]","[-0.0104, -0.016, -0.0072]"
1760020610491,BTC_USDT,121268.5,-0.0071,121262.6,121327.5,382420390,4690154389.79357,133460.2,109194.7,121081.5,124149,121268.4,121268.5,102341368,-871.6,4.6e-05,UTC+8,"[-0.0071, 0.0332, 0.0772, 0.089, 0.4701, 0.9477]","[-0.0103, -0.0159, -0.0071]"
1760020614509,BTC_USDT,121300.0,-0.0068,121291.8,121356.7,382453983,4690561767.16933,133492.3,109221.0,121081.5,124149,121303.2,121303.3,102354161,-840.1,4.6e-05,UTC+8,"[-0.0068, 0.0335, 0.0775, 0.0893, 0.4705, 0.9482]","[-0.0101, -0.0157, -0.0068]"
1760020616475,BTC_USDT,121305.2,-0.0068,121305.8,121370.7,382494870,4691057738.15416,133507.7,109233.6,121081.5,124149,121309.8,121309.9,102358620,-834.9,4.6e-05,UTC+8,"[-0.0068, 0.0335, 0.0775, 0.0894, 0.4706, 0.9483]","[-0.01, -0.0156, -0.0068]"
1760020618549,BTC_USDT,121300.1,-0.0068,121305.4,121370.5,382530779,4691493323.51535,133507.5,109233.4,121081.5,124149,121321.3,121321.4,101821757,-840.0,4.6e-05,UTC+8,"[-0.0068, 0.0335, 0.0775, 0.0893, 0.4705, 0.9482]","[-0.0101, -0.0157, -0.0068]"
1760020620524,BTC_USDT,121323.7,-0.0066,121341.4,121406.5,382551332,4691742708.91328,133547.1,109265.8,121081.5,124149,121323.6,121323.7,101842937,-816.4,4.6e-05,UTC+8,"[-0.0066, 0.0337, 0.0777, 0.0895, 0.4708, 0.9486]","[-0.0099, -0.0155, -0.0066]"
1760020622487,BTC_USDT,121343.3,-0.0065,121336.3,121401.4,382559161,4691837693.51423,133541.5,109261.2,121081.5,124149,121343.2,121343.3,101847893,-796.8,4.6e-05,UTC+8,"[-0.0065, 0.0338, 0.0779, 0.0897, 0.471, 0.9489]","[-0.0097, -0.0153, -0.0065]"
1760020626478,BTC_USDT,121269.4,-0.0071,121265.2,121330.4,382747853,4694127182.02781,133463.4,109197.3,121081.5,124149,121269.4,121269.5,102108537,-870.7,4.6e-05,UTC+8,"[-0.0071, 0.0332, 0.0772, 0.089, 0.4701, 0.9477]","[-0.0103, -0.0159, -0.0071]"
1760020628473,BTC_USDT,121286.2,-0.0069,121290.6,121355.7,382762723,4694307538.40516,133491.2,109220.1,121081.5,124149,121291.3,121291.4,102110106,-853.9,4.6e-05,UTC+8,"[-0.0069, 0.0334, 0.0773, 0.0892, 0.4703, 0.948]","[-0.0102, -0.0158, -0.0069]"
1760020630495,BTC_USDT,121275.4,-0.007,121286.5,121351.6,382777964,4694492391.16255,133486.7,109216.4,121081.5,124149,121275.3,121275.4,102110666,-864.7,4.6e-05,UTC+8,"[-0.007, 0.0333, 0.0772, 0.0891, 0.4702, 0.9478]","[-0.0103, -0.0159, -0.007]"
1760020632492,BTC_USDT,121275.4,-0.007,121278.3,121343.4,382787280,4694605371.2929,133477.7,109209.0,121081.5,124149,121280.4,121280.5,102119984,-864.7,4.6e-05,UTC+8,"[-0.007, 0.0333, 0.0772, 0.0891, 0.4702, 0.9478]","[-0.0103, -0.0159, -0.007]"
1760020636578,BTC_USDT,121340.9,-0.0065,121327.8,121392.9,382827979,4695099090.6638,133532.1,109253.6,121081.5,124149,121342.3,121342.4,102162671,-799.2,4.6e-05,UTC+8,"[-0.0065, 0.0338, 0.0778, 0.0897, 0.471, 0.9489]","[-0.0097, -0.0153, -0.0065]"
1760020638488,BTC_USDT,121354.5,-0.0064,121354.6,121413.5,382835021,4695184540.90225,133554.8,109272.1,121081.5,124149,121354.5,121354.6,102164130,-785.6,4.6e-05,UTC+8,"[-0.0064, 0.0339, 0.078, 0.0898, 0.4712, 0.9491]","[-0.0096, -0.0152, -0.0064]"
1760020640487,BTC_USDT,121340.6,-0.0065,121339.3,121404.3,382865267,4695551511.9595,133544.7,109263.8,121081.5,124149,121340.5,121340.6,102199160,-799.5,4.6e-05,UTC+8,"[-0.0065, 0.0338, 0.0778, 0.0897, 0.471, 0.9489]","[-0.0097, -0.0153, -0.0065]"
1760020642483,BTC_USDT,121344.5,-0.0065,121347.2,121412.2,382927373,4696305125.18523,133553.4,109270.9,121081.5,124149,121344.4,121344.5,102264871,-795.6,4.6e-05,UTC+8,"[-0.0065, 0.0339, 0.0779, 0.0897, 0.471, 0.949]","[-0.0097, -0.0153, -0.0065]"
1760020644549,BTC_USDT,121334.1,-0.0065,121341.2,121406.2,382933754,4696382548.99998,133546.8,109265.5,121081.5,124149,121334,121334.1,102269195,-806.0,4.6e-05,UTC+8,"[-0.0065, 0.0338, 0.0778, 0.0896, 0.4709, 0.9488]","[-0.0098, -0.0154, -0.0065]"
1760020648477,BTC_USDT,121367.7,-0.0063,121360.9,121424.9,382965970,4696773471.07312,133567.3,109282.4,121081.5,124149,121368,121368.1,101783646,-772.4,4.6e-05,UTC+8,"[-0.0063, 0.034, 0.0781, 0.0899, 0.4713, 0.9493]","[-0.0095, -0.0151, -0.0063]"
1760020650486,BTC_USDT,121366.4,-0.0063,121370.4,121432.4,383014535,4697362895.52626,133575.6,109289.1,121081.5,124149,121366.3,121366.4,101859783,-773.7,4.6e-05,UTC+8,"[-0.0063, 0.034, 0.0781, 0.0899, 0.4713, 0.9493]","[-0.0095, -0.0151, -0.0063]"
1760020652497,BTC_USDT,121393.5,-0.0061,121393.6,121451.1,383036093,4697624549.75568,133596.2,109305.9,121081.5,124149,121393.5,121393.6,101864351,-746.6,4.6e-05,UTC+8,"[-0.0061, 0.0343, 0.0783, 0.0902, 0.4716, 0.9497]","[-0.0093, -0.0149, -0.0061]"
1760020654510,BTC_USDT,121400.0,-0.006,121400.2,121464.9,383047009,4697757064.90624,133611.3,109318.4,121081.5,124149,121399.9,121400.0,101871264,-740.1,4.6e-05,UTC+8,"[-0.006, 0.0343, 0.0784, 0.0902, 0.4717, 0.9498]","[-0.0093, -0.0149, -0.006]"
1760020658507,BTC_USDT,121433.4,-0.0057,121416.9,121477.6,383075866,4698107440.04528,133625.3,109329.8,121081.5,124149,121433.3,121433.4,101877888,-706.7,4.6e-05,UTC+8,"[-0.0057, 0.0346, 0.0787, 0.0905, 0.4721, 0.9504]","[-0.009, -0.0146, -0.0057]"
1760020660506,BTC_USDT,121457.4,-0.0055,121457.4,121507.2,383097664,4698372161.20556,133657.9,109356.4,121081.5,124149,121457.3,121457.4,101879853,-682.7,4.6e-05,UTC+8,"[-0.0055, 0.0348, 0.0789, 0.0907, 0.4724, 0.9508]","[-0.0088, -0.0144, -0.0055]"
1760020662480,BTC_USDT,121490.4,-0.0053,121492.1,121551.9,383130275,4698768334.00205,133707.0,109396.7,121081.5,124149,121490.3,121490.4,101898707,-649.7,4.6e-05,UTC+8,"[-0.0053, 0.0351, 0.0792, 0.091, 0.4728, 0.9513]","[-0.0085, -0.0141, -0.0053]"
1760020664486,BTC_USDT,121490.3,-0.0053,121488,121552.4,383162475,4699159530.56568,133707.6,109397.1,121081.5,124149,121490.3,121490.4,101943949,-649.8,4.6e-05,UTC+8,"[-0.0053, 0.0351, 0.0792, 0.091, 0.4728, 0.9513]","[-0.0085, -0.0141, -0.0053]"
1760020668480,BTC_USDT,121498.8,-0.0052,121498.9,121553.9,383241050,4700114189.80661,133709.2,109398.5,121081.5,124149,121498.8,121498.9,101707384,-641.3,4.6e-05,UTC+8,"[-0.0052, 0.0352, 0.0792, 0.0911, 0.4729, 0.9514]","[-0.0084, -0.0141, -0.0052]"
1760020670462,BTC_USDT,121527.0,-0.005,121525.7,121569.7,383300597,4700837750.39256,133726.6,109412.7,121081.5,124149,121526.9,121527.0,101737295,-613.1,4.6e-05,UTC+8,"[-0.005, 0.0354, 0.0795, 0.0914, 0.4732, 0.9519]","[-0.0082, -0.0138, -0.005]"
1760020672492,BTC_USDT,121559.4,-0.0047,121605.5,121620.0,383403091,4702083786.05815,133782.0,109458.0,121081.5,124149,121559.3,121559.4,101748423,-580.7,4.6e-05,UTC+8,"[-0.0047, 0.0357, 0.0798, 0.0916, 0.4736, 0.9524]","[-0.008, -0.0136, -0.0047]"
1760020674560,BTC_USDT,121568.7,-0.0046,121568.8,121611.5,383437321,4702499882.30279,133772.6,109450.3,121081.5,124149,121568.7,121568.8,101811803,-571.4,4.6e-05,UTC+8,"[-0.0046, 0.0358, 0.0799, 0.0917, 0.4737, 0.9526]","[-0.0079, -0.0135, -0.0046]"
1760020676477,BTC_USDT,121578.5,-0.0045,121568.8,121625.2,383564798,4704049603.94324,133787.7,109462.6,121081.5,124149,121572.9,121573.0,101927683,-561.6,4.6e-05,UTC+8,"[-0.0045, 0.0358, 0.0799, 0.0918, 0.4739, 0.9527]","[-0.0078, -0.0134, -0.0045]"
1760020680505,BTC_USDT,121539.4,-0.0049,121543.4,121603.8,383696044,4705645071.64645,133764.1,109443.4,121081.5,124149,121539.4,121539.5,102020072,-600.7,4.6e-05,UTC+8,"[-0.0049, 0.0355, 0.0796, 0.0915, 0.4734, 0.9521]","[-0.0081, -0.0137, -0.0049]"
1760020682480,BTC_USDT,121568.9,-0.0046,121565.3,121629.1,383816003,4707103184.63906,133792.0,109466.1,121081.5,124149,121563.9,121564.0,102021147,-571.2,4.5e-05,UTC+8,"[-0.0046, 0.0358, 0.0799, 0.0917, 0.4738, 0.9526]","[-0.0079, -0.0135, -0.0046]"
1760020684511,BTC_USDT,121550.4,-0.0048,121551.2,121607.9,383830700,4707281828.32406,133768.6,109447.1,121081.5,124149,121550.3,121550.4,102027555,-589.7,4.5e-05,UTC+8,"[-0.0048, 0.0356, 0.0797, 0.0916, 0.4735, 0.9523]","[-0.008, -0.0136, -0.0048]"
1760020686479,BTC_USDT,121585.8,-0.0045,121578.5,121642.3,383852967,4707552499.62661,133806.5,109478.0,121081.5,124149,121585.8,121585.9,101618533,-554.3,4.5e-05,UTC+8,"[-0.0045, 0.0359, 0.08, 0.0919, 0.474, 0.9528]","[-0.0077, -0.0134, -0.0045]"
1760020690479,BTC_USDT,121599.5,-0.0044,121586.4,121642.4,383889036,4707991052.37969,133806.6,109478.1,121081.5,124149,121599.4,121599.5,101640228,-540.6,4.5e-05,UTC+8,"[-0.0044, 0.036, 0.0801, 0.092, 0.4741, 0.953]","[-0.0076, -0.0132, -0.0044]"
1760020692486,BTC_USDT,121582.9,-0.0045,121584.5,121648.1,383915667,4708314880.72837,133812.9,109483.2,121081.5,124149,121582.8,121582.9,101674122,-557.2,4.5e-05,UTC+8,"[-0.0045, 0.0359, 0.08, 0.0919, 0.4739, 0.9528]","[-0.0078, -0.0134, -0.0045]"
1760020694503,BTC_USDT,121581.5,-0.0045,121582.9,121645.5,384000774,4709349635.98442,133810.0,109480.9,121081.5,124149,121574.7,121574.8,101675981,-558.6,4.5e-05,UTC+8,"[-0.0045, 0.0359, 0.08, 0.0918, 0.4739, 0.9528]","[-0.0078, -0.0134, -0.0045]"
1760020696480,BTC_USDT,121568.8,-0.0046,121572.8,121636.3,384017301,4709550572.31402,133799.9,109472.6,121081.5,124149,121558.1,121558.2,101692290,-571.3,4.5e-05,UTC+8,"[-0.0046, 0.0358, 0.0799, 0.0917, 0.4737, 0.9526]","[-0.0079, -0.0135, -0.0046]"
1760020698482,BTC_USDT,121533.7,-0.0049,121538.7,121602.3,384030783,4709714428.7474,133762.5,109442.0,121081.5,124149,121533.7,121533.8,101694604,-606.4,4.5e-05,UTC+8,"[-0.0049, 0.0355, 0.0795, 0.0914, 0.4733, 0.952]","[-0.0082, -0.0138, -0.0049]"
1760020702486,BTC_USDT,121519.5,-0.005,121521.7,121585.3,384104278,4710607600.07235,133743.8,109426.7,121081.5,124149,121519.5,121519.6,101727164,-620.6,4.5e-05,UTC+8,"[-0.005, 0.0353, 0.0794, 0.0913, 0.4732, 0.9518]","[-0.0083, -0.0139, -0.005]"
1760020704513,BTC_USDT,121518.5,-0.005,121501.2,121565.3,384112123,4710702922.87608,133721.8,109408.7,121081.5,124149,121522.7,121522.8,101728964,-621.6,4.5e-05,UTC+8,"[-0.005, 0.0353, 0.0794, 0.0913, 0.4731, 0.9517]","[-0.0083, -0.0139, -0.005]"
1760020706553,BTC_USDT,121532.9,-0.0049,121533.2,121596.9,384129770,4710917391.9777,133756.5,109437.2,121081.5,124149,121532.9,121533.0,101492853,-607.2,4.5e-05,UTC+8,"[-0.0049, 0.0355, 0.0795, 0.0914, 0.4733, 0.952]","[-0.0082, -0.0138, -0.0049]"
1760020708475,BTC_USDT,121532.9,-0.0049,121532.9,121593.4,384133826,4710966685.73699,133752.7,109434.0,121081.5,124149,121532.9,121533.0,101495354,-607.2,4.5e-05,UTC+8,"[-0.0049, 0.0355, 0.0795, 0.0914, 0.4733, 0.952]","[-0.0082, -0.0138, -0.0049]"
1760020712479,BTC_USDT,121546.9,-0.0048,121545.9,121607.4,384152576,4711194579.31331,133768.1,109446.6,121081.5,124149,121546.8,121546.9,101499862,-593.2,4.5e-05,UTC+8,"[-0.0048, 0.0356, 0.0797, 0.0915, 0.4735, 0.9522]","[-0.0081, -0.0137, -0.0048]"
1760020714511,BTC_USDT,121592.5,-0.0044,121582.8,121639.7,384165210,4711348159.93724,133803.6,109475.7,121081.5,124149,121595,121595.1,101504871,-547.6,4.5e-05,UTC+8,"[-0.0044, 0.036, 0.0801, 0.0919, 0.474, 0.9529]","[-0.0077, -0.0133, -0.0044]"
1760020716480,BTC_USDT,121625.8,-0.0042,121602,121665.9,384191777,4711671217.85488,133832.4,109499.3,121081.5,124149,121625.7,121625.8,101512987,-514.3,4.5e-05,UTC+8,"[-0.0042, 0.0362, 0.0804, 0.0922, 0.4744, 0.9535]","[-0.0074, -0.013, -0.0042]"
1760020718530,BTC_USDT,121620.5,-0.0042,121621.8,121685.4,384204143,4711821613.76765,133853.9,109516.8,121081.5,124149,121619.2,121619.3,101525054,-519.6,4.5e-05,UTC+8,"[-0.0042, 0.0362, 0.0803, 0.0922, 0.4744, 0.9534]","[-0.0075, -0.0131, -0.0042]"
1760020720529,BTC_USDT,121610.2,-0.0043,121621.9,121685.5,384290447,4712871230.80688,133854.0,109516.9,121081.5,124149,121610.1,121610.2,101565993,-529.9,4.5e-05,UTC+8,"[-0.0043, 0.0361, 0.0802, 0.0921, 0.4743, 0.9532]","[-0.0075, -0.0132, -0.0043]"
1760020724481,BTC_USDT,121640.2,-0.004,121640,121694.0,384310274,4713112380.06061,133863.4,109524.6,121081.5,124149,121651.4,121651.5,101572163,-499.9,4.5e-05,UTC+8,"[-0.004, 0.0364, 0.0805, 0.0924, 0.4746, 0.9537]","[-0.0073, -0.0129, -0.004]"
1760020726502,BTC_USDT,121665.9,-0.0038,121655.7,121719.4,384323594,4713274427.85038,133891.3,109547.4,121081.5,124149,121665.8,121665.9,101577163,-474.2,4.5e-05,UTC+8,"[-0.0038, 0.0366, 0.0807, 0.0926, 0.4749, 0.9541]","[-0.0071, -0.0127, -0.0038]"
1760020728480,BTC_USDT,121658.2,-0.0039,121658.1,121719.7,384331870,4713375120.26596,133891.6,109547.7,121081.5,124149,121658.1,121658.2,101434918,-481.9,4.5e-05,UTC+8,"[-0.0039, 0.0365, 0.0806, 0.0925, 0.4748, 0.954]","[-0.0071, -0.0128, -0.0039]"
1760020730491,BTC_USDT,121645.7,-0.004,121650.8,121714.4,384356246,4713671664.97961,133885.8,109542.9,121081.5,124149,121645.6,121645.7,101442469,-494.4,4.5e-05,UTC+8,"[-0.004, 0.0364, 0.0805, 0.0924, 0.4747, 0.9538]","[-0.0073, -0.0129, -0.004]"
1760020734488,BTC_USDT,121677.4,-0.0037,121690.5,121744.6,384398394,4714184443.6231,133919.0,109570.1,121081.5,124149,121677.3,121677.4,101456174,-462.7,4.5e-05,UTC+8,"[-0.0037, 0.0367, 0.0808, 0.0927, 0.4751, 0.9543]","[-0.007, -0.0126, -0.0037]"
1760020736559,BTC_USDT,121685.1,-0.0037,121685.2,121742.9,384431757,4714590396.73675,133917.1,109568.6,121081.5,124149,121680,121680.1,101494831,-455.0,4.5e-05,UTC+8,"[-0.0037, 0.0368, 0.0809, 0.0928, 0.4752, 0.9544]","[-0.0069, -0.0125, -0.0037]"
1760020738515,BTC_USDT,121659.9,-0.0039,121668.3,121731.9,384483165,4715215863.6775,133905.0,109558.7,121081.5,124149,121659.8,121659.9,101508359,-480.2,4.5e-05,UTC+8,"[-0.0039, 0.0365, 0.0807, 0.0926, 0.4749, 0.954]","[-0.0071, -0.0128, -0.0039]"
1760020740545,BTC_USDT,121660.3,-0.0039,121653.4,121715.0,384491074,4715312081.85464,133886.5,109543.5,121081.5,124149,121660.2,121660.3,101515461,-479.8,4.5e-05,UTC+8,"[-0.0039, 0.0365, 0.0807, 0.0926, 0.4749, 0.954]","[-0.0071, -0.0127, -0.0039]"
1760020742508,BTC_USDT,121643.7,-0.004,121643.8,121704.9,384501156,4715434725.24999,133875.3,109534.4,121081.5,124149,121643.6,121643.7,101524298,-496.4,4.5e-05,UTC+8,"[-0.004, 0.0364, 0.0805, 0.0924, 0.4747, 0.9538]","[-0.0073, -0.0129, -0.004]"
1760020746534,BTC_USDT,121624.3,-0.0042,121632,121692.3,384600556,4716643792.4023,133861.5,109523.0,121081.5,124149,121613.2,121615.5,101635371,-515.8,4.5e-05,UTC+8,"[-0.0042, 0.0362, 0.0803, 0.0922, 0.4744, 0.9534]","[-0.0074, -0.013, -0.0042]"
1760020748474,BTC_USDT,121586.7,-0.0045,121607.1,121650.7,384610386,4716763333.14324,133815.7,109485.6,121081.5,124149,121585.2,121585.3,101644521,-553.4,4.5e-05,UTC+8,"[-0.0045, 0.0359, 0.08, 0.0919, 0.474, 0.9528]","[-0.0077, -0.0133, -0.0045]"
1760020750510,BTC_USDT,121565.2,-0.0047,121567.5,121630.8,384613963,4716806820.91545,133793.8,109467.7,121081.5,124149,121565.1,121565.2,101408023,-574.9,4.5e-05,UTC+8,"[-0.0047, 0.0357, 0.0798, 0.0917, 0.4737, 0.9525]","[-0.0079, -0.0135, -0.0047]"
1760020752477,BTC_USDT,121544.2,-0.0048,121554.4,121617.5,384632744,4717035125.00677,133779.2,109455.7,121081.5,124149,121544.1,121544.2,101412899,-595.9,4.5e-05,UTC+8,"[-0.0048, 0.0356, 0.0796, 0.0915, 0.4735, 0.9522]","[-0.0081, -0.0137, -0.0048]"
1760020756476,BTC_USDT,121500.0,-0.0052,121508.3,121571.7,384653231,4717284063.5124,133728.8,109414.5,121081.5,124149,121500,121500.1,101421169,-640.1,4.5e-05,UTC+8,"[-0.0052, 0.0352, 0.0792, 0.0911, 0.4729, 0.9515]","[-0.0084, -0.014, -0.0052]"
1760020758490,BTC_USDT,121495.0,-0.0052,121500.1,121560.5,384681573,4717628415.46575,133716.5,109404.4,121081.5,124149,121491.5,121491.6,101450258,-645.1,4.5e-05,UTC+8,"[-0.0052, 0.0351, 0.0792, 0.0911, 0.4729, 0.9514]","[-0.0085, -0.0141, -0.0052]"
1760020760503,BTC_USDT,121479.4,-0.0054,121485,121548.4,384692317,4717758938.18492,133703.2,109393.5,121081.5,124149,121479.4,121479.5,101456352,-660.7,4.5e-05,UTC+8,"[-0.0054, 0.035, 0.0791, 0.0909, 0.4727, 0.9511]","[-0.0086, -0.0142, -0.0054]"
1760020762483,BTC_USDT,121524.2,-0.005,121524.2,121587.6,384699151,4717841970.63049,133746.3,109428.8,121081.5,124149,121525.2,121525.3,101461789,-615.9,4.5e-05,UTC+8,"[-0.005, 0.0354, 0.0795, 0.0913, 0.4732, 0.9518]","[-0.0082, -0.0139, -0.005]"
1760020766500,BTC_USDT,121476.1,-0.0054,121484.4,121547.8,384718172,4718073083.59303,133702.5,109393.0,121081.5,124149,121476,121476.1,101468196,-664.0,4.5e-05,UTC+8,"[-0.0054, 0.035, 0.079, 0.0909, 0.4726, 0.9511]","[-0.0086, -0.0142, -0.0054]"
1760020768580,BTC_USDT,121467.7,-0.0055,121481.1,121544.5,384727359,4718184683.61353,133698.9,109390.0,121081.5,124149,121467.7,121467.8,101480416,-672.4,4.5e-05,UTC+8,"[-0.0055, 0.0349, 0.079, 0.0908, 0.4725, 0.9509]","[-0.0087, -0.0143, -0.0055]"
1760020770501,BTC_USDT,121458.6,-0.0055,121458.5,121521.9,384733965,4718264919.52606,133674.0,109369.7,121081.5,124149,121458.6,121458.7,101485626,-681.5,4.5e-05,UTC+8,"[-0.0055, 0.0348, 0.0789, 0.0907, 0.4724, 0.9508]","[-0.0088, -0.0144, -0.0055]"
1760020772509,BTC_USDT,121444.8,-0.0056,121458.7,121519.1,384757468,4718550362.68923,133671.0,109367.1,121081.5,124149,121444.8,121444.9,101512744,-695.3,4.5e-05,UTC+8,"[-0.0056, 0.0347, 0.0788, 0.0906, 0.4722, 0.9506]","[-0.0089, -0.0145, -0.0056]"
1760020774577,BTC_USDT,121444.2,-0.0056,121459.4,121518.1,384776509,4718781609.72862,133669.9,109366.2,121081.5,124149,121444.1,121444.2,101528275,-695.9,4.5e-05,UTC+8,"[-0.0056, 0.0347, 0.0787, 0.0906, 0.4722, 0.9506]","[-0.0089, -0.0145, -0.0056]"
1760020778488,BTC_USDT,121433.2,-0.0057,121433.2,121495.3,384788892,4718931980.6777,133644.8,109345.7,121081.5,124149,121433.2,121433.3,101431018,-706.9,4.5e-05,UTC+8,"[-0.0057, 0.0346, 0.0786, 0.0905, 0.4721, 0.9504]","[-0.009, -0.0146, -0.0057]"
1760020780572,BTC_USDT,121422.7,-0.0058,121431,121494.4,384804604,4719122762.04443,133643.8,109344.9,121081.5,124149,121422.7,121422.8,101443784,-717.4,4.5e-05,UTC+8,"[-0.0058, 0.0345, 0.0786, 0.0904, 0.472, 0.9502]","[-0.0091, -0.0147, -0.0058]"
1760020782554,BTC_USDT,121422.8,-0.0058,121430.8,121494.3,384810099,4719189483.84328,133643.7,109344.8,121081.5,124149,121422.7,121422.8,101445836,-717.3,4.5e-05,UTC+8,"[-0.0058, 0.0345, 0.0786, 0.0904, 0.472, 0.9502]","[-0.0091, -0.0147, -0.0058]"
1760020784514,BTC_USDT,121433.3,-0.0057,121432.4,121495.9,384810906,4719199283.25738,133645.4,109346.3,121081.5,124149,121433.2,121433.3,101446741,-706.8,4.5e-05,UTC+8,"[-0.0057, 0.0346, 0.0787, 0.0905, 0.4721, 0.9504]","[-0.009, -0.0146, -0.0057]"
1760020788581,BTC_USDT,121433.3,-0.0057,121439.1,121503.4,384851738,4719695128.45269,133653.7,109353.0,121081.5,124149,121433.2,121433.3,101502181,-706.8,4.5e-05,UTC+8,"[-0.0057, 0.0346, 0.0787, 0.0905, 0.4721, 0.9504]","[-0.009, -0.0146, -0.0057]"
1760020790494,BTC_USDT,121426.0,-0.0058,121433,121496.5,384871922,4719940214.64197,133646.1,109346.8,121081.5,124149,121426,121426.1,101522614,-714.1,4.5e-05,UTC+8,"[-0.0058, 0.0345, 0.0786, 0.0905, 0.472, 0.9503]","[-0.009, -0.0146, -0.0058]"
1760020792532,BTC_USDT,121444.1,-0.0056,121446.2,121509.7,384875635,4719985304.89819,133660.6,109358.7,121081.5,124149,121444.1,121444.2,101523603,-696.0,4.5e-05,UTC+8,"[-0.0056, 0.0347, 0.0787, 0.0906, 0.4722, 0.9506]","[-0.0089, -0.0145, -0.0056]"
1760020794521,BTC_USDT,121470.5,-0.0054,121471.1,121534.7,384884245,4720089888.48525,133688.1,109381.2,121081.5,124149,121470.4,121470.5,101528557,-669.6,4.5e-05,UTC+8,"[-0.0054, 0.0349, 0.079, 0.0909, 0.4726, 0.951]","[-0.0087, -0.0143, -0.0054]"
1760020796499,BTC_USDT,121494.0,-0.0052,121485.1,121548.6,384892453,4720189598.72806,133703.4,109393.7,121081.5,124149,121494,121494.1,101529678,-646.1,4.5e-05,UTC+8,"[-0.0052, 0.0351, 0.0792, 0.0911, 0.4728, 0.9514]","[-0.0085, -0.0141, -0.0052]"
1760020800650,BTC_USDT,121445.1,-0.0056,121457.7,121513.1,384931838,4720668058.318,133664.4,109361.7,121081.5,124149,121442,121442.1,101581498,-695.0,4.5e-05,UTC+8,"[-0.0056, 0.0347, 0.0788, 0.0906, 0.4722, 0.9506]","[-0.0089, -0.0145, -0.0056]"
1760020800650,BTC_USDT,121445.1,-0.0056,121457.7,121513.1,384931838,4720668058.318,133664.4,109361.7,121081.5,124149,121442,121442.1,101581498,-695.0,4.5e-05,UTC+8,"[-0.0056, 0.0347, 0.0788, 0.0906, 0.4722, 0.9506]","[-0.0089, -0.0145, -0.0056]"
1760020805523,BTC_USDT,121475.4,-0.0054,121479.4,121533.4,384956974,4720973345.26366,133686.7,109380.0,121081.5,124149,121474.7,121474.8,101472921,-664.7,4.5e-05,UTC+8,"[-0.0054, 0.035, 0.079, 0.0909, 0.4726, 0.9511]","[-0.0086, -0.0142, -0.0054]"
1760020807532,BTC_USDT,121474.8,-0.0054,121474.7,121533.0,384967324,4721099072.17579,133686.3,109379.7,121081.5,124149,121476.8,121476.9,101474167,-665.3,4.5e-05,UTC+8,"[-0.0054, 0.035, 0.079, 0.0909, 0.4726, 0.951]","[-0.0086, -0.0143, -0.0054]"
1760020809484,BTC_USDT,121489.6,-0.0053,121487.1,121550.7,384973558,4721174808.72557,133705.7,109395.6,121081.5,124149,121489.6,121489.7,101476594,-650.5,4.5e-05,UTC+8,"[-0.0053, 0.0351, 0.0792, 0.091, 0.4728, 0.9513]","[-0.0085, -0.0141, -0.0053]"
1760020811484,BTC_USDT,121534.1,-0.0049,121532.9,121587.7,384992664,4721406991.41893,133746.4,109428.9,121081.5,124149,121535.7,121535.8,101498157,-606.0,4.5e-05,UTC+8,"[-0.0049, 0.0355, 0.0795, 0.0914, 0.4733, 0.952]","[-0.0082, -0.0138, -0.0049]"
1760020815526,BTC_USDT,121577.7,-0.0046,121576.8,121624.4,385042230,4722009419.96056,133786.8,109461.9,121081.5,124149,121577.6,121577.7,101541195,-562.4,4.5e-05,UTC+8,"[-0.0046, 0.0358, 0.0799, 0.0918, 0.4739, 0.9527]","[-0.0078, -0.0134, -0.0046]"
1760020817477,BTC_USDT,121572.7,-0.0046,121577.6,121633.1,385048457,4722085124.44934,133796.4,109469.7,121081.5,124149,121572.7,121572.8,101554985,-567.4,4.5e-05,UTC+8,"[-0.0046, 0.0358, 0.0799, 0.0918, 0.4738, 0.9526]","[-0.0078, -0.0135, -0.0046]"
1760020819485,BTC_USDT,121621.1,-0.0042,121621.1,121673.4,385073607,4722390936.50532,133840.7,109506.0,121081.5,124149,121621,121621.1,101559891,-519.0,4.5e-05,UTC+8,"[-0.0042, 0.0362, 0.0803, 0.0922, 0.4744, 0.9534]","[-0.0075, -0.0131, -0.0042]"
1760020821503,BTC_USDT,121632.8,-0.0041,121632.8,121683.1,385157483,4723411050.39116,133851.4,109514.7,121081.5,124149,121632.7,121632.8,101675798,-507.3,4.5e-05,UTC+8,"[-0.0041, 0.0363, 0.0804, 0.0923, 0.4745, 0.9536]","[-0.0074, -0.013, -0.0041]"
1760020823467,BTC_USDT,121631.2,-0.0041,121631.3,121684.6,385163583,4723485242.01359,133853.0,109516.1,121081.5,124149,121631.1,121631.2,101683289,-508.9,4.5e-05,UTC+8,"[-0.0041, 0.0363, 0.0804, 0.0923, 0.4745, 0.9536]","[-0.0074, -0.013, -0.0041]"
1760020827481,BTC_USDT,121640.0,-0.004,121640,121696.7,385236974,4724377964.94722,133866.3,109527.0,121081.5,124149,121639.9,121640.0,101716948,-500.1,4.5e-05,UTC+8,"[-0.004, 0.0364, 0.0805, 0.0924, 0.4746, 0.9537]","[-0.0073, -0.0129, -0.004]"
1760020829554,BTC_USDT,121642.5,-0.004,121639.9,121696.7,385242273,4724442422.21095,133866.3,109527.0,121081.5,124149,121644.1,121644.2,101719182,-497.6,4.5e-05,UTC+8,"[-0.004, 0.0364, 0.0805, 0.0924, 0.4746, 0.9537]","[-0.0073, -0.0129, -0.004]"
1760020831511,BTC_USDT,121647.4,-0.004,121639.9,121700.6,385377827,4726091344.41605,133870.6,109530.5,121081.5,124149,121647.4,121647.5,101757295,-492.7,4.5e-05,UTC+8,"[-0.004, 0.0364, 0.0806, 0.0924, 0.4747, 0.9538]","[-0.0072, -0.0129, -0.004]"
1760020833508,BTC_USDT,121647.5,-0.004,121647.4,121702.8,385413010,4726519336.7842,133873.0,109532.5,121081.5,124149,121647.4,121647.5,101764271,-492.6,4.5e-05,UTC+8,"[-0.004, 0.0364, 0.0806, 0.0924, 0.4747, 0.9538]","[-0.0072, -0.0129, -0.004]"
1760020837513,BTC_USDT,121652.9,-0.0039,121652.8,121707.7,385484956,4727394506.95537,133878.4,109536.9,121081.5,124149,121652.8,121652.9,101461531,-487.2,4.5e-05,UTC+8,"[-0.0039, 0.0365, 0.0806, 0.0925, 0.4748, 0.9539]","[-0.0072, -0.0128, -0.0039]"
1760020839497,BTC_USDT,121636.9,-0.0041,121638,121701.3,385509743,4727696031.38497,133871.4,109531.1,121081.5,124149,121636.9,121637.0,101468973,-503.2,4.5e-05,UTC+8,"[-0.0041, 0.0363, 0.0805, 0.0923, 0.4746, 0.9536]","[-0.0073, -0.0129, -0.0041]"
1760020841490,BTC_USDT,121637.0,-0.0041,121637,121700.2,385516757,4727781347.60378,133870.2,109530.1,121081.5,124149,121637,121637.1,101472052,-503.1,4.5e-05,UTC+8,"[-0.0041, 0.0363, 0.0805, 0.0923, 0.4746, 0.9537]","[-0.0073, -0.0129, -0.0041]"
1760020843497,BTC_USDT,121633.7,-0.0041,121636.6,121700.0,385530890,4727953252.54053,133870.0,109530.0,121081.5,124149,121633.7,121633.8,101473184,-506.4,4.5e-05,UTC+8,"[-0.0041, 0.0363, 0.0804, 0.0923, 0.4745, 0.9536]","[-0.0073, -0.013, -0.0041]"
1760020845516,BTC_USDT,121603.5,-0.0043,121618.1,121676.8,385539905,4728062895.46367,133844.4,109509.1,121081.5,124149,121603.4,121603.5,101475868,-536.6,4.5e-05,UTC+8,"[-0.0043, 0.0361, 0.0802, 0.092, 0.4742, 0.9531]","[-0.0076, -0.0132, -0.0043]"
1760020849567,BTC_USDT,121632.1,-0.0041,121632.1,121690.9,385554503,4728240447.04238,133859.9,109521.8,121081.5,124149,121632,121632.1,101492834,-508.0,4.5e-05,UTC+8,"[-0.0041, 0.0363, 0.0804, 0.0923, 0.4745, 0.9536]","[-0.0074, -0.013, -0.0041]"
1760020851502,BTC_USDT,121657.5,-0.0039,121656.4,121708.4,385561576,4728326483.42282,133879.2,109537.5,121081.5,124149,121657.4,121657.5,101503649,-482.6,4.5e-05,UTC+8,"[-0.0039, 0.0365, 0.0806, 0.0925, 0.4748, 0.954]","[-0.0072, -0.0128, -0.0039]"
1760020853510,BTC_USDT,121660.8,-0.0039,121661.5,121724.8,385570088,4728430039.7082,133897.2,109552.3,121081.5,124149,121660.7,121660.8,101508174,-479.3,4.5e-05,UTC+8,"[-0.0039, 0.0365, 0.0807, 0.0926, 0.4749, 0.954]","[-0.0071, -0.0127, -0.0039]"
1760020855512,BTC_USDT,121637.2,-0.0041,121638.5,121701.7,385583821,4728597097.68111,133871.8,109531.5,121081.5,124149,121637.1,121637.2,101520879,-502.9,4.5e-05,UTC+8,"[-0.0041, 0.0363, 0.0805, 0.0923, 0.4746, 0.9537]","[-0.0073, -0.0129, -0.0041]"
1760020857522,BTC_USDT,121646.3,-0.004,121643.1,121706.4,385591167,4728686454.83781,133877.0,109535.7,121081.5,124149,121639.3,121639.4,101521135,-493.8,4.5e-05,UTC+8,"[-0.004, 0.0364, 0.0805, 0.0924, 0.4747, 0.9538]","[-0.0072, -0.0129, -0.004]"
1760020861503,BTC_USDT,121633.0,-0.0041,121632,121683.8,385597333,4728761451.57604,133852.1,109515.4,121081.5,124149,121632.9,121633.0,101398458,-507.1,4.5e-05,UTC+8,"[-0.0041, 0.0363, 0.0804, 0.0923, 0.4745, 0.9536]","[-0.0074, -0.013, -0.0041]"
1760020863517,BTC_USDT,121670.0,-0.0038,121655.3,121718.2,385606764,4728876168.49974,133890.0,109546.3,121081.5,124149,121670.1,121670.2,101419693,-470.1,4.5e-05,UTC+8,"[-0.0038, 0.0366, 0.0808, 0.0926, 0.475, 0.9542]","[-0.0071, -0.0127, -0.0038]"
1760020865494,BTC_USDT,121670.2,-0.0038,121670.1,121726.5,385633060,4729196112.38647,133899.1,109553.8,121081.5,124149,121670.1,121670.2,101427150,-469.9,4.5e-05,UTC+8,"[-0.0038, 0.0366, 0.0808, 0.0926, 0.475, 0.9542]","[-0.0071, -0.0127, -0.0038]"
1760020867506,BTC_USDT,121675.6,-0.0038,121670.1,121726.8,385638551,4729262923.60612,133899.4,109554.1,121081.5,124149,121675.6,121675.7,101427904,-464.5,4.5e-05,UTC+8,"[-0.0038, 0.0367, 0.0808, 0.0927, 0.475, 0.9543]","[-0.007, -0.0126, -0.0038]"
1760020871496,BTC_USDT,121704.8,-0.0035,121704.8,121757.0,385690100,4729890266.4445,133932.7,109581.3,121081.5,124149,121708.7,121708.8,101453173,-435.3,4.5e-05,UTC+8,"[-0.0035, 0.0369, 0.0811, 0.093, 0.4754, 0.9547]","[-0.0068, -0.0124, -0.0035]"
1760020873483,BTC_USDT,121735.3,-0.0033,121735.3,121794.8,385722457,4730284136.09596,133974.2,109615.3,121081.5,124149,121735.2,121735.3,101465513,-404.8,4.5e-05,UTC+8,"[-0.0033, 0.0372, 0.0813, 0.0932, 0.4758, 0.9552]","[-0.0065, -0.0121, -0.0033]"
1760020875495,BTC_USDT,121748.6,-0.0032,121752,121811.4,385763521,4730784099.08269,133992.5,109630.2,121081.5,124149,121757.7,121757.8,101506427,-391.5,4.5e-05,UTC+8,"[-0.0032, 0.0373, 0.0815, 0.0933, 0.4759, 0.9554]","[-0.0064, -0.012, -0.0032]"
1760020877503,BTC_USDT,121740.9,-0.0032,121747.7,121810.2,385791771,4731128038.38526,133991.2,109629.1,121081.5,124149,121739,121739.1,101507336,-399.2,4.5e-05,UTC+8,"[-0.0032, 0.0372, 0.0814, 0.0933, 0.4758, 0.9553]","[-0.0065, -0.0121, -0.0032]"
1760020879493,BTC_USDT,121718.0,-0.0034,121727.7,121786.3,385811108,4731363423.84168,133964.9,109607.6,121081.5,124149,121718,121718.1,101511343,-422.1,4.5e-05,UTC+8,"[-0.0034, 0.037, 0.0812, 0.0931, 0.4756, 0.955]","[-0.0067, -0.0123, -0.0034]"
1760020883483,BTC_USDT,121700.0,-0.0036,121700.1,121758.3,385851088,4731850010.89874,133934.1,109582.4,121081.5,124149,121700,121700.1,101527836,-440.1,4.5e-05,UTC+8,"[-0.0036, 0.0369, 0.081, 0.0929, 0.4753, 0.9547]","[-0.0068, -0.0124, -0.0036]"
1760020885503,BTC_USDT,121667.3,-0.0038,121700,121733.8,385867428,4732048861.79855,133907.1,109560.4,121081.5,124149,121667.3,121667.4,101338450,-472.8,4.5e-05,UTC+8,"[-0.0038, 0.0366, 0.0807, 0.0926, 0.4749, 0.9541]","[-0.0071, -0.0127, -0.0038]"
1760020887490,BTC_USDT,121656.8,-0.0039,121663.6,121725.9,385877769,4732174667.27777,133898.4,109553.3,121081.5,124149,121656.7,121656.8,101339550,-483.3,4.5e-05,UTC+8,"[-0.0039, 0.0365, 0.0806, 0.0925, 0.4748, 0.954]","[-0.0072, -0.0128, -0.0039]"
1760020889483,BTC_USDT,121650.9,-0.004,121656.7,121711.5,385905813,4732515841.17276,133882.6,109540.3,121081.5,124149,121650.8,121650.9,101340514,-489.2,4.5e-05,UTC+8,"[-0.004, 0.0365, 0.0806, 0.0925, 0.4747, 0.9539]","[-0.0072, -0.0128, -0.004]"
1760020893496,BTC_USDT,121640.5,-0.004,121640.4,121692.5,385920542,4732695014.88409,133861.7,109523.2,121081.5,124149,121640.4,121640.5,101349374,-499.6,4.5e-05,UTC+8,"[-0.004, 0.0364, 0.0805, 0.0924, 0.4746, 0.9537]","[-0.0073, -0.0129, -0.004]"
1760020895487,BTC_USDT,121641.8,-0.004,121649.9,121702.5,385924010,4732737200.95975,133872.7,109532.2,121081.5,124149,121641.8,121641.9,101352934,-498.3,4.5e-05,UTC+8,"[-0.004, 0.0364, 0.0805, 0.0924, 0.4746, 0.9537]","[-0.0073, -0.0129, -0.004]"
1760020897509,BTC_USDT,121653.3,-0.0039,121653.3,121704.6,385943162,4732970190.53871,133875.0,109534.1,121081.5,124149,121653.2,121653.3,101376485,-486.8,4.5e-05,UTC+8,"[-0.0039, 0.0365, 0.0806, 0.0925, 0.4748, 0.9539]","[-0.0072, -0.0128, -0.0039]"
1760020899516,BTC_USDT,121641.7,-0.004,121642,121703.0,385949459,4733046792.53771,133873.3,109532.7,121081.5,124149,121641.6,121641.7,101378146,-498.4,4.5e-05,UTC+8,"[-0.004, 0.0364, 0.0805, 0.0924, 0.4746, 0.9537]","[-0.0073, -0.0129, -0.004]"
1760020901493,BTC_USDT,121558.5,-0.0047,121583.7,121631.5,386011148,4733797136.63752,133794.6,109468.3,121081.5,124149,121552.5,121552.6,101506206,-581.6,4.5e-05,UTC+8,"[-0.0047, 0.0357, 0.0798, 0.0916, 0.4736, 0.9524]","[-0.008, -0.0136, -0.0047]"
1760020905506,BTC_USDT,121533.7,-0.0049,121552.5,121611.9,386056262,4734345506.05218,133773.0,109450.7,121081.5,124149,121532.3,121532.4,101516282,-606.4,4.5e-05,UTC+8,"[-0.0049, 0.0355, 0.0795, 0.0914, 0.4733, 0.952]","[-0.0082, -0.0138, -0.0049]"
1760020907515,BTC_USDT,121518.6,-0.005,121522.2,121576.9,386080043,4734634491.35139,133734.5,109419.2,121081.5,124149,121507.7,121507.8,101544189,-621.5,4.5e-05,UTC+8,"[-0.005, 0.0353, 0.0794, 0.0913, 0.4731, 0.9517]","[-0.0083, -0.0139, -0.005]"
1760020909517,BTC_USDT,121507.7,-0.0051,121512.7,121574.7,386081497,4734652158.6008,133732.1,109417.2,121081.5,124149,121507.7,121507.8,101544338,-632.4,4.5e-05,UTC+8,"[-0.0051, 0.0352, 0.0793, 0.0912, 0.473, 0.9516]","[-0.0084, -0.014, -0.0051]"
1760020911539,BTC_USDT,121507.7,-0.0051,121511.6,121573.6,386086765,4734716168.86874,133730.9,109416.2,121081.5,124149,121507.7,121507.8,101547789,-632.4,4.5e-05,UTC+8,"[-0.0051, 0.0352, 0.0793, 0.0912, 0.473, 0.9516]","[-0.0084, -0.014, -0.0051]"
1760020915511,BTC_USDT,121507.7,-0.0051,121501.2,121560.8,386119837,4735117993.71409,133716.8,109404.7,121081.5,124149,121507.7,121507.8,101498770,-632.4,4.5e-05,UTC+8,"[-0.0051, 0.0352, 0.0793, 0.0912, 0.473, 0.9516]","[-0.0084, -0.014, -0.0051]"
1760020917486,BTC_USDT,121520.8,-0.005,121529.9,121588.3,386125822,4735190716.18003,133747.1,109429.4,121081.5,124149,121529.9,121530.0,101500740,-619.3,4.5e-05,UTC+8,"[-0.005, 0.0354, 0.0794, 0.0913, 0.4732, 0.9518]","[-0.0083, -0.0139, -0.005]"
1760020919531,BTC_USDT,121486.3,-0.0053,121529.9,121549.0,386165166,4735668771.21764,133703.9,109394.1,121081.5,124149,121498.7,121498.8,101567636,-653.8,4.5e-05,UTC+8,"[-0.0053, 0.0351, 0.0791, 0.091, 0.4727, 0.9512]","[-0.0086, -0.0142, -0.0053]"
1760020921658,BTC_USDT,121541.5,-0.0049,121541.5,121596.5,386177104,4735813830.45909,133756.1,109436.8,121081.5,124149,121541.4,121541.5,101568896,-598.6,4.5e-05,UTC+8,"[-0.0049, 0.0355, 0.0796, 0.0915, 0.4734, 0.9521]","[-0.0081, -0.0137, -0.0049]"
1760020924595,BTC_USDT,121527.6,-0.005,121531.7,121593.4,386211913,4736236891.36161,133752.7,109434.0,121081.5,124149,121527.6,121527.7,101582718,-612.5,4.5e-05,UTC+8,"[-0.005, 0.0354, 0.0795, 0.0914, 0.4732, 0.9519]","[-0.0082, -0.0138, -0.005]"
1760020926509,BTC_USDT,121543.0,-0.0048,121545.3,121606.8,386214638,4736270010.77694,133767.4,109446.1,121081.5,124149,121542.9,121543.0,101583365,-597.1,4.5e-05,UTC+8,"[-0.0048, 0.0355, 0.0796, 0.0915, 0.4734, 0.9521]","[-0.0081, -0.0137, -0.0048]"
1760020928480,BTC_USDT,121564.8,-0.0047,121570.5,121631.9,386258334,4736801146.13404,133795.0,109468.7,121081.5,124149,121549.7,121549.8,101606238,-575.3,4.5e-05,UTC+8,"[-0.0047, 0.0357, 0.0798, 0.0917, 0.4737, 0.9525]","[-0.0079, -0.0135, -0.0047]"
1760020932510,BTC_USDT,121557.8,-0.0047,121566.2,121627.7,386265100,4736883390.32044,133790.4,109464.9,121081.5,124149,121557.6,121557.7,101608340,-582.3,4.5e-05,UTC+8,"[-0.0047, 0.0357, 0.0798, 0.0916, 0.4736, 0.9524]","[-0.008, -0.0136, -0.0047]"
1760020934512,BTC_USDT,121505.8,-0.0051,121519.4,121581.0,386272979,4736979137.3354,133739.1,109422.9,121081.5,124149,121505.7,121505.8,101507023,-634.3,4.5e-05,UTC+8,"[-0.0051, 0.0352, 0.0793, 0.0912, 0.473, 0.9515]","[-0.0084, -0.014, -0.0051]"
1760020936494,BTC_USDT,121505.8,-0.0051,121517.6,121579.3,386287304,4737153194.34325,133737.2,109421.3,121081.5,124149,121505.7,121505.8,101526633,-634.3,4.5e-05,UTC+8,"[-0.0051, 0.0352, 0.0793, 0.0912, 0.473, 0.9515]","[-0.0084, -0.014, -0.0051]"
1760020938506,BTC_USDT,121505.7,-0.0051,121517.7,121579.5,386287501,4737155588.00651,133737.4,109421.5,121081.5,124149,121510.1,121510.2,101526854,-634.4,4.5e-05,UTC+8,"[-0.0051, 0.0352, 0.0793, 0.0912, 0.473, 0.9515]","[-0.0084, -0.014, -0.0051]"
1760020942476,BTC_USDT,121510.3,-0.0051,121517.5,121579.3,386315270,4737493012.96336,133737.2,109421.3,121081.5,124149,121510.2,121510.3,101546232,-629.8,4.5e-05,UTC+8,"[-0.0051, 0.0353, 0.0793, 0.0912, 0.473, 0.9516]","[-0.0084, -0.014, -0.0051]"
1760020944537,BTC_USDT,121510.2,-0.0051,121517.3,121579.1,386315849,4737500048.40793,133737.0,109421.1,121081.5,124149,121510.2,121510.3,101546972,-629.9,4.5e-05,UTC+8,"[-0.0051, 0.0353, 0.0793, 0.0912, 0.473, 0.9516]","[-0.0084, -0.014, -0.0051]"
1760020946482,BTC_USDT,121507.8,-0.0051,121518.6,121580.3,386316437,4737507193.21168,133738.3,109422.2,121081.5,124149,121504.6,121504.7,101554097,-632.3,4.5e-05,UTC+8,"[-0.0051, 0.0352, 0.0793, 0.0912, 0.473, 0.9516]","[-0.0084, -0.014, -0.0051]"
1760020948516,BTC_USDT,121500.1,-0.0052,121500.5,121560.3,386324924,4737610312.86766,133716.3,109404.2,121081.5,124149,121500,121500.1,101560916,-640.0,4.5e-05,UTC+8,"[-0.0052, 0.0352, 0.0792, 0.0911, 0.4729, 0.9515]","[-0.0084, -0.014, -0.0052]"
1760020950520,BTC_USDT,121526.5,-0.005,121535.2,121597.1,386331526,4737690537.16931,133756.8,109437.3,121081.5,124149,121526.4,121526.5,101563480,-613.6,4.5e-05,UTC+8,"[-0.005, 0.0354, 0.0795, 0.0914, 0.4732, 0.9519]","[-0.0082, -0.0138, -0.005]"
1760020954602,BTC_USDT,121545.5,-0.0048,121545.5,121604.2,386356601,4737995304.91185,133764.6,109443.7,121081.5,124149,121545.4,121545.5,101577138,-594.6,4.5e-05,UTC+8,"[-0.0048, 0.0356, 0.0796, 0.0915, 0.4735, 0.9522]","[-0.0081, -0.0137, -0.0048]"
1760020956544,BTC_USDT,121487.2,-0.0053,121489.3,121551.2,386360398,4738041442.10846,133706.3,109396.0,121081.5,124149,121486.7,121486.8,101581433,-652.9,4.5e-05,UTC+8,"[-0.0053, 0.0351, 0.0791, 0.091, 0.4728, 0.9512]","[-0.0085, -0.0142, -0.0053]"
1760020958495,BTC_USDT,121486.8,-0.0053,121490.4,121552.3,386372273,4738185707.61277,133707.5,109397.0,121081.5,124149,121486.7,121486.8,101592760,-653.3,4.5e-05,UTC+8,"[-0.0053, 0.0351, 0.0791, 0.091, 0.4728, 0.9512]","[-0.0085, -0.0142, -0.0053]"
1760020960562,BTC_USDT,121486.8,-0.0053,121490.5,121552.5,386384547,4738334820.45142,133707.7,109397.2,121081.5,124149,121486.7,121486.8,101603040,-653.3,4.5e-05,UTC+8,"[-0.0053, 0.0351, 0.0791, 0.091, 0.4728, 0.9512]","[-0.0085, -0.0142, -0.0053]"
1760020964545,BTC_USDT,121497.9,-0.0052,121497.9,121557.7,386390056,4738401753.41861,133713.4,109401.9,121081.5,124149,121497.9,121498.0,101531262,-642.2,4.5e-05,UTC+8,"[-0.0052, 0.0352, 0.0792, 0.0911, 0.4729, 0.9514]","[-0.0085, -0.0141, -0.0052]"
1760020966573,BTC_USDT,121498.0,-0.0052,121498,121557.7,386396649,4738481857.04421,133713.4,109401.9,121081.5,124149,121497.9,121498.0,101535514,-642.1,4.5e-05,UTC+8,"[-0.0052, 0.0352, 0.0792, 0.0911, 0.4729, 0.9514]","[-0.0085, -0.0141, -0.0052]"
1760020968541,BTC_USDT,121524.2,-0.005,121527.7,121589.7,386397531,4738492574.47872,133748.6,109430.7,121081.5,124149,121524.2,121524.3,101536558,-615.9,4.5e-05,UTC+8,"[-0.005, 0.0354, 0.0795, 0.0913, 0.4732, 0.9518]","[-0.0082, -0.0139, -0.005]"
1760020970525,BTC_USDT,121479.6,-0.0054,121527,121589.1,386416964,4738728673.45967,133748.0,109430.1,121081.5,124149,121476.4,121476.5,101571344,-660.5,4.5e-05,UTC+8,"[-0.0054, 0.035, 0.0791, 0.0909, 0.4727, 0.9511]","[-0.0086, -0.0142, -0.0054]"
1760020972516,BTC_USDT,121478.4,-0.0054,121485.4,121547.8,386430942,4738898479.45153,133702.5,109393.0,121081.5,124149,121478.4,121478.5,101573887,-661.7,4.5e-05,UTC+8,"[-0.0054, 0.035, 0.0791, 0.0909, 0.4727, 0.9511]","[-0.0086, -0.0142, -0.0054]"
1760020976478,BTC_USDT,121478.5,-0.0054,121485,121547.8,386433824,4738933489.54482,133702.5,109393.0,121081.5,124149,121478.4,121478.5,101575794,-661.6,4.5e-05,UTC+8,"[-0.0054, 0.035, 0.0791, 0.0909, 0.4727, 0.9511]","[-0.0086, -0.0142, -0.0054]"
1760020978530,BTC_USDT,121478.4,-0.0054,121485.7,121548.6,386450145,4739131754.4418,133703.4,109393.7,121081.5,124149,121497.7,121497.8,101611986,-661.7,4.5e-05,UTC+8,"[-0.0054, 0.035, 0.0791, 0.0909, 0.4727, 0.9511]","[-0.0086, -0.0142, -0.0054]"
1760020980578,BTC_USDT,121506.1,-0.0051,121510.5,121573.5,386460939,4739262905.10056,133730.8,109416.1,121081.5,124149,121526.9,121527.0,101611986,-634.0,4.5e-05,UTC+8,"[-0.0051, 0.0352, 0.0793, 0.0912, 0.473, 0.9515]","[-0.0084, -0.014, -0.0051]"
1760020982482,BTC_USDT,121499.6,-0.0052,121508.9,121571.7,386463043,4739288469.37073,133728.8,109414.5,121081.5,124149,121499.6,121499.7,101568205,-640.5,4.5e-05,UTC+8,"[-0.0052, 0.0352, 0.0792, 0.0911, 0.4729, 0.9514]","[-0.0084, -0.0141, -0.0052]"
1760020984698,BTC_USDT,121484.7,-0.0053,121497.7,121560.7,386465919,4739323410.52628,133716.7,109404.6,121081.5,124149,121484.7,121484.8,101574585,-655.4,4.5e-05,UTC+8,"[-0.0053, 0.035, 0.0791, 0.091, 0.4727, 0.9512]","[-0.0086, -0.0142, -0.0053]"
1760020987535,BTC_USDT,121499.7,-0.0052,121497.6,121560.8,386468119,4739350137.18117,133716.8,109404.7,121081.5,124149,121499.6,121499.7,101574759,-640.4,4.5e-05,UTC+8,"[-0.0052, 0.0352, 0.0792, 0.0911, 0.4729, 0.9514]","[-0.0084, -0.0141, -0.0052]"
1760020989519,BTC_USDT,121501.2,-0.0052,121517.8,121581.1,386470641,4739380782.3341,133739.2,109422.9,121081.5,124149,121501.2,121501.3,101576655,-638.9,4.5e-05,UTC+8,"[-0.0052, 0.0352, 0.0793, 0.0911, 0.4729, 0.9515]","[-0.0084, -0.014, -0.0052]"
1760020993538,BTC_USDT,121458.7,-0.0055,121457.2,121520.6,386483112,4739532220.90187,133672.6,109368.5,121081.5,124149,121458.7,121458.8,101586582,-681.4,4.5e-05,UTC+8,"[-0.0055, 0.0348, 0.0789, 0.0907, 0.4724, 0.9508]","[-0.0088, -0.0144, -0.0055]"
1760020995533,BTC_USDT,121467.6,-0.0055,121480.5,121543.9,386498417,4739718126.98345,133698.2,109389.5,121081.5,124149,121467.6,121467.7,101607947,-672.5,4.5e-05,UTC+8,"[-0.0055, 0.0349, 0.079, 0.0908, 0.4725, 0.9509]","[-0.0087, -0.0143, -0.0055]"
1760020997526,BTC_USDT,121458.8,-0.0055,121468.1,121531.5,386501391,4739754251.38579,133684.6,109378.3,121081.5,124149,121458.7,121458.8,101612273,-681.3,4.5e-05,UTC+8,"[-0.0055, 0.0348, 0.0789, 0.0907, 0.4724, 0.9508]","[-0.0088, -0.0144, -0.0055]"
1760020999551,BTC_USDT,121444.1,-0.0056,121447.4,121510.9,386519104,4739969367.1727,133661.9,109359.8,121081.5,124149,121444.1,121444.2,101615406,-696.0,4.5e-05,UTC+8,"[-0.0056, 0.0347, 0.0787, 0.0906, 0.4722, 0.9506]","[-0.0089, -0.0145, -0.0056]"
1760021003487,BTC_USDT,121405.8,-0.006,121417.3,121480.7,386564972,4740526292.12602,133628.7,109332.6,121081.5,124149,121405.7,121405.8,101684137,-734.3,4.5e-05,UTC+8,"[-0.006, 0.0344, 0.0784, 0.0903, 0.4718, 0.9499]","[-0.0092, -0.0148, -0.006]"
1760021005510,BTC_USDT,121405.7,-0.006,121414.9,121478.5,386588879,4740816536.76128,133626.3,109330.6,121081.5,124149,121405.7,121405.8,101685643,-734.4,4.5e-05,UTC+8,"[-0.006, 0.0344, 0.0784, 0.0903, 0.4718, 0.9499]","[-0.0092, -0.0148, -0.006]"
1760021007494,BTC_USDT,121404.5,-0.006,121414.4,121478.1,386622666,4741226730.15902,133625.9,109330.2,121081.5,124149,121404.4,121404.5,101689866,-735.6,4.5e-05,UTC+8,"[-0.006, 0.0344, 0.0784, 0.0903, 0.4718, 0.9499]","[-0.0092, -0.0148, -0.006]"
1760021009481,BTC_USDT,121415.0,-0.0059,121415,121478.2,386639545,4741431649.96881,133626.0,109330.3,121081.5,124149,121414.9,121415.0,101706250,-725.1,4.5e-05,UTC+8,"[-0.0059, 0.0345, 0.0785, 0.0904, 0.4719, 0.9501]","[-0.0091, -0.0147, -0.0059]"
1760021011519,BTC_USDT,121420.0,-0.0058,121416.7,121480.4,386640147,4741438959.14844,133628.4,109332.3,121081.5,124149,121419.9,121420.0,101706259,-720.1,4.5e-05,UTC+8,"[-0.0058, 0.0345, 0.0785, 0.0904, 0.4719, 0.9502]","[-0.0091, -0.0147, -0.0058]"
1760021015599,BTC_USDT,121380.1,-0.0062,121394.6,121455.2,386686786,4742005135.12911,133600.7,109309.6,121081.5,124149,121380,121380.1,101584335,-760.0,4.5e-05,UTC+8,"[-0.0062, 0.0342, 0.0782, 0.09, 0.4715, 0.9495]","[-0.0094, -0.015, -0.0062]"
1760021017557,BTC_USDT,121380.0,-0.0062,121391.1,121454.9,386702983,4742201734.37321,133600.3,109309.4,121081.5,124149,121380,121380.1,101584954,-760.1,4.5e-05,UTC+8,"[-0.0062, 0.0342, 0.0782, 0.09, 0.4715, 0.9495]","[-0.0094, -0.015, -0.0062]"
1760021019574,BTC_USDT,121380.1,-0.0062,121391,121454.9,386709305,4742278470.86197,133600.3,109309.4,121081.5,124149,121380,121380.1,101587676,-760.0,4.5e-05,UTC+8,"[-0.0062, 0.0342, 0.0782, 0.09, 0.4715, 0.9495]","[-0.0094, -0.015, -0.0062]"
1760021021476,BTC_USDT,121380.0,-0.0062,121391,121454.9,386711243,4742301994.30767,133600.3,109309.4,121081.5,124149,121380,121380.1,101589675,-760.1,4.5e-05,UTC+8,"[-0.0062, 0.0342, 0.0782, 0.09, 0.4715, 0.9495]","[-0.0094, -0.015, -0.0062]"
1760021023568,BTC_USDT,121380.8,-0.0062,121390.7,121454.7,386715823,4742357587.32713,133600.1,109309.2,121081.5,124149,121380.7,121380.8,101591777,-759.3,4.5e-05,UTC+8,"[-0.0062, 0.0342, 0.0782, 0.09, 0.4715, 0.9495]","[-0.0094, -0.015, -0.0062]"
1760021027479,BTC_USDT,121309.9,-0.0067,121390.6,121452.6,386758849,4742879619.6896,133597.8,109307.3,121081.5,124149,121313.9,121314.0,101614077,-830.2,4.5e-05,UTC+8,"[-0.0067, 0.0336, 0.0776, 0.0894, 0.4706, 0.9484]","[-0.01, -0.0156, -0.0067]"
1760021029499,BTC_USDT,121345.0,-0.0065,121346.3,121410.4,386772496,4743045217.47706,133551.4,109269.3,121081.5,124149,121346.1,121346.2,101635142,-795.1,4.5e-05,UTC+8,"[-0.0065, 0.0339, 0.0779, 0.0897, 0.471, 0.949]","[-0.0097, -0.0153, -0.0065]"
1760021031538,BTC_USDT,121310.0,-0.0067,121355.4,121419.3,386796780,4743339896.52983,133561.2,109277.3,121081.5,124149,121309.9,121310.0,101636346,-830.1,4.5e-05,UTC+8,"[-0.0067, 0.0336, 0.0776, 0.0894, 0.4706, 0.9484]","[-0.01, -0.0156, -0.0067]"
1760021033485,BTC_USDT,121318.1,-0.0067,121334.8,121399.0,386800921,4743390133.43536,133538.9,109259.1,121081.5,124149,121318.1,121318.2,101639779,-822.0,4.5e-05,UTC+8,"[-0.0067, 0.0336, 0.0776, 0.0895, 0.4707, 0.9485]","[-0.0099, -0.0155, -0.0067]"
1760021037552,BTC_USDT,121330.1,-0.0066,121334.9,121399.4,386810468,4743505960.03241,133539.3,109259.4,121081.5,124149,121330,121330.1,101542137,-810.0,4.5e-05,UTC+8,"[-0.0066, 0.0337, 0.0777, 0.0896, 0.4709, 0.9487]","[-0.0098, -0.0154, -0.0066]"
1760021039504,BTC_USDT,121345.0,-0.0065,121353.6,121418.2,386821174,4743635871.10423,133560.0,109276.3,121081.5,124149,121344.9,121345.0,101556144,-795.1,4.5e-05,UTC+8,"[-0.0065, 0.0339, 0.0779, 0.0897, 0.471, 0.949]","[-0.0097, -0.0153, -0.0065]"
1760021041486,BTC_USDT,121345.0,-0.0065,121353.7,121418.3,386825880,4743692976.0282,133560.1,109276.4,121081.5,124149,121344.9,121345.0,101556921,-795.1,4.4e-05,UTC+8,"[-0.0065, 0.0339, 0.0779, 0.0897, 0.471, 0.949]","[-0.0097, -0.0153, -0.0065]"
1760021043475,BTC_USDT,121350.9,-0.0064,121357.7,121422.4,386851394,4744002582.94259,133564.6,109280.1,121081.5,124149,121350.8,121350.9,101584053,-789.2,4.4e-05,UTC+8,"[-0.0064, 0.0339, 0.0779, 0.0898, 0.4711, 0.9491]","[-0.0097, -0.0153, -0.0064]"
1760021045543,BTC_USDT,121366.4,-0.0063,121368.7,121433.4,386857027,4744070946.52449,133576.7,109290.0,121081.5,124149,121366.3,121366.4,101589287,-773.7,4.4e-05,UTC+8,"[-0.0063, 0.034, 0.0781, 0.0899, 0.4713, 0.9493]","[-0.0095, -0.0151, -0.0063]"
1760021049541,BTC_USDT,121371.1,-0.0062,121379.5,121444.3,386883399,4744391016.31668,133588.7,109299.8,121081.5,124149,121371,121371.1,101614592,-769.0,4.4e-05,UTC+8,"[-0.0062, 0.0341, 0.0781, 0.09, 0.4714, 0.9494]","[-0.0095, -0.0151, -0.0062]"
1760021051481,BTC_USDT,121356.3,-0.0064,121358.4,121423.3,386908786,4744699123.90276,133565.6,109280.9,121081.5,124149,121356.1,121356.2,101651749,-783.8,4.4e-05,UTC+8,"[-0.0064, 0.034, 0.078, 0.0898, 0.4712, 0.9491]","[-0.0096, -0.0152, -0.0064]"
1760021053513,BTC_USDT,121363.2,-0.0063,121363.8,121428.7,386924650,4744891643.70018,133571.5,109285.8,121081.5,124149,121363.1,121363.2,101653043,-776.9,4.4e-05,UTC+8,"[-0.0063, 0.034, 0.078, 0.0899, 0.4713, 0.9493]","[-0.0096, -0.0152, -0.0063]"
1760021055542,BTC_USDT,121371.1,-0.0062,121372.9,121437.9,386925423,4744901025.51504,133581.6,109294.1,121081.5,124149,121371,121371.1,101654504,-769.0,4.4e-05,UTC+8,"[-0.0062, 0.0341, 0.0781, 0.09, 0.4714, 0.9494]","[-0.0095, -0.0151, -0.0062]"
1760021059533,BTC_USDT,121371.1,-0.0062,121374.1,121439.0,386933143,4744994722.22684,133582.9,109295.1,121081.5,124149,121371,121371.1,101662024,-769.0,4.4e-05,UTC+8,"[-0.0062, 0.0341, 0.0781, 0.09, 0.4714, 0.9494]","[-0.0095, -0.0151, -0.0062]"
1760021061475,BTC_USDT,121365.1,-0.0063,121373.9,121438.9,386938088,4745054740.20342,133582.7,109295.0,121081.5,124149,121364.7,121364.8,101665162,-775.0,4.4e-05,UTC+8,"[-0.0063, 0.034, 0.078, 0.0899, 0.4713, 0.9493]","[-0.0095, -0.0151, -0.0063]"
1760021063522,BTC_USDT,121356.2,-0.0064,121358.9,121423.9,386947506,4745169034.49276,133566.2,109281.5,121081.5,124149,121356.1,121356.2,101679272,-783.9,4.4e-05,UTC+8,"[-0.0064, 0.034, 0.078, 0.0898, 0.4712, 0.9491]","[-0.0096, -0.0152, -0.0064]"
1760021065504,BTC_USDT,121356.2,-0.0064,121358.6,121423.7,386951953,4745223001.57425,133566.0,109281.3,121081.5,124149,121356.1,121356.2,101680070,-783.9,4.4e-05,UTC+8,"[-0.0064, 0.034, 0.078, 0.0898, 0.4712, 0.9491]","[-0.0096, -0.0152, -0.0064]"
1760021067501,BTC_USDT,121353.0,-0.0064,121358.6,121423.6,386954032,4745248231.00327,133565.9,109281.2,121081.5,124149,121352.9,121353.0,101532120,-787.1,4.4e-05,UTC+8,"[-0.0064, 0.0339, 0.0779, 0.0898, 0.4711, 0.9491]","[-0.0096, -0.0152, -0.0064]"
1760021071538,BTC_USDT,121342.5,-0.0065,121344.9,121409.9,386974345,4745494720.72641,133550.8,109268.9,121081.5,124149,121342.4,121342.5,101551010,-797.6,4.4e-05,UTC+8,"[-0.0065, 0.0338, 0.0778, 0.0897, 0.471, 0.9489]","[-0.0097, -0.0153, -0.0065]"
1760021073545,BTC_USDT,121342.5,-0.0065,121345,121410.0,386981162,4745577439.88421,133551.0,109269.0,121081.5,124149,121342.4,121342.5,101557446,-797.6,4.4e-05,UTC+8,"[-0.0065, 0.0338, 0.0778, 0.0897, 0.471, 0.9489]","[-0.0097, -0.0153, -0.0065]"
1760021075525,BTC_USDT,121334.5,-0.0065,121335.8,121400.8,386983294,4745603309.2629,133540.8,109260.7,121081.5,124149,121333.3,121333.4,101558879,-805.6,4.4e-05,UTC+8,"[-0.0065, 0.0338, 0.0778, 0.0896, 0.4709, 0.9488]","[-0.0098, -0.0154, -0.0065]"
1760021077612,BTC_USDT,121333.4,-0.0066,121335.7,121400.7,386996142,4745759198.33204,133540.7,109260.6,121081.5,124149,121341.5,121341.6,101563280,-806.7,4.4e-05,UTC+8,"[-0.0066, 0.0338, 0.0778, 0.0896, 0.4709, 0.9488]","[-0.0098, -0.0154, -0.0066]"
1760021079529,BTC_USDT,121333.4,-0.0066,121341.5,121400.7,386998881,4745792432.65589,133540.7,109260.6,121081.5,124149,121333.3,121333.4,101563692,-806.7,4.4e-05,UTC+8,"[-0.0066, 0.0338, 0.0778, 0.0896, 0.4709, 0.9488]","[-0.0098, -0.0154, -0.0066]"
1760021083535,BTC_USDT,121330.1,-0.0066,121335.5,121400.5,387003280,4745845805.89375,133540.5,109260.4,121081.5,124149,121330,121330.1,101566861,-810.0,4.4e-05,UTC+8,"[-0.0066, 0.0337, 0.0777, 0.0896, 0.4709, 0.9487]","[-0.0098, -0.0154, -0.0066]"
1760021085584,BTC_USDT,121276.5,-0.007,121293.5,121358.6,387068334,4746634785.99636,133494.4,109222.7,121081.5,124149,121276.5,121276.6,101585175,-863.6,4.4e-05,UTC+8,"[-0.007, 0.0333, 0.0773, 0.0891, 0.4702, 0.9479]","[-0.0103, -0.0159, -0.007]"
1760021087537,BTC_USDT,121300.0,-0.0068,121293.6,121358.8,387073892,4746702201.25679,133494.6,109222.9,121081.5,124149,121300.5,121300.6,101587233,-840.1,4.4e-05,UTC+8,"[-0.0068, 0.0335, 0.0775, 0.0893, 0.4705, 0.9482]","[-0.0101, -0.0157, -0.0068]"
1760021089498,BTC_USDT,121300.6,-0.0068,121300.6,121362.1,387078611,4746759442.96982,133498.3,109225.8,121081.5,124149,121300.5,121300.6,101588808,-839.5,4.4e-05,UTC+8,"[-0.0068, 0.0335, 0.0775, 0.0893, 0.4705, 0.9482]","[-0.0101, -0.0157, -0.0068]"
1760021091547,BTC_USDT,121278.9,-0.007,121252.4,121317.5,387088608,4746880664.05555,133449.2,109185.7,121081.5,124149,121283.5,121283.6,101528765,-861.2,4.4e-05,UTC+8,"[-0.007, 0.0333, 0.0773, 0.0891, 0.4702, 0.9479]","[-0.0102, -0.0158, -0.007]"
1760021095562,BTC_USDT,121279.2,-0.007,121279.8,121344.8,387135381,4747447961.30336,133479.2,109210.3,121081.5,124149,121291.2,121291.3,101581164,-860.9,4.4e-05,UTC+8,"[-0.007, 0.0333, 0.0773, 0.0891, 0.4702, 0.9479]","[-0.0102, -0.0158, -0.007]"
1760021097504,BTC_USDT,121201.2,-0.0076,121234.7,121299.7,387211071,4748365384.31328,133429.6,109169.7,121081.5,124149,121201.1,121201.2,101658232,-938.9,4.4e-05,UTC+8,"[-0.0076, 0.0326, 0.0766, 0.0884, 0.4693, 0.9467]","[-0.0109, -0.0165, -0.0076]"
1760021099528,BTC_USDT,121196.2,-0.0077,121203.1,121268.3,387358939,4750157338.10973,133395.1,109141.4,121081.5,124149,121196.2,121196.3,101679158,-943.9,4.4e-05,UTC+8,"[-0.0077, 0.0326, 0.0765, 0.0884, 0.4692, 0.9466]","[-0.0109, -0.0165, -0.0077]"
1760021101603,BTC_USDT,121207.2,-0.0076,121218.7,121283.9,387430658,4751026594.02641,133412.2,109155.5,121081.5,124149,121199.4,121199.5,101762488,-932.9,4.4e-05,UTC+8,"[-0.0076, 0.0327, 0.0766, 0.0885, 0.4694, 0.9467]","[-0.0108, -0.0164, -0.0076]"
1760021105489,BTC_USDT,121219.0,-0.0075,121222.5,121287.9,387528240,4752209372.52794,133416.6,109159.1,121081.5,124149,121218.9,121219.0,101800618,-921.1,4.4e-05,UTC+8,"[-0.0075, 0.0328, 0.0767, 0.0886, 0.4695, 0.9469]","[-0.0107, -0.0163, -0.0075]"
1760021107579,BTC_USDT,121218.9,-0.0075,121221.9,121287.4,387565280,4752658367.63013,133416.1,109158.6,121081.5,124149,121218.9,121219.0,101818416,-921.2,4.4e-05,UTC+8,"[-0.0075, 0.0328, 0.0767, 0.0886, 0.4695, 0.9469]","[-0.0107, -0.0163, -0.0075]"
1760021109540,BTC_USDT,121238.0,-0.0073,121240.5,121306.0,387580348,4752841042.20625,133436.6,109175.4,121081.5,124149,121238,121238.1,101822798,-902.1,4.4e-05,UTC+8,"[-0.0073, 0.0329, 0.0769, 0.0888, 0.4697, 0.9472]","[-0.0106, -0.0162, -0.0073]"
1760021111480,BTC_USDT,121253.2,-0.0072,121255.2,121320.7,387640949,4753575790.14086,133452.7,109188.6,121081.5,124149,121253.1,121253.2,101831940,-886.9,4.4e-05,UTC+8,"[-0.0072, 0.0331, 0.0771, 0.0889, 0.4699, 0.9475]","[-0.0105, -0.0161, -0.0072]"
1760021113512,BTC_USDT,121220.7,-0.0075,121225.3,121290.9,387670546,4753934631.3724,133419.9,109161.8,121081.5,124149,121220.7,121220.8,101866075,-919.4,4.4e-05,UTC+8,"[-0.0075, 0.0328, 0.0768, 0.0886, 0.4695, 0.947]","[-0.0107, -0.0163, -0.0075]"
1760021117507,BTC_USDT,121211.9,-0.0075,121211.9,121276.7,387698293,4754270959.73332,133404.3,109149.0,121081.5,124149,121212.5,121212.6,101532782,-928.2,4.4e-05,UTC+8,"[-0.0075, 0.0327, 0.0767, 0.0885, 0.4694, 0.9468]","[-0.0108, -0.0164, -0.0075]"
1760021119475,BTC_USDT,121220.4,-0.0075,121232.4,121286.5,387713778,4754458662.55917,133415.1,109157.8,121081.5,124149,121220.4,121220.5,101541449,-919.7,4.4e-05,UTC+8,"[-0.0075, 0.0328, 0.0768, 0.0886, 0.4695, 0.947]","[-0.0107, -0.0163, -0.0075]"
1760021121496,BTC_USDT,121216.2,-0.0075,121216.3,121282.2,387720306,4754537793.41997,133410.4,109153.9,121081.5,124149,121216.1,121216.2,101547243,-923.9,4.4e-05,UTC+8,"[-0.0075, 0.0328, 0.0767, 0.0886, 0.4695, 0.9469]","[-0.0108, -0.0164, -0.0075]"
1760021123480,BTC_USDT,121204.5,-0.0076,121218,121284.0,387722510,4754564509.23958,133412.4,109155.6,121081.5,124149,121204.4,121204.5,101549275,-935.6,4.4e-05,UTC+8,"[-0.0076, 0.0327, 0.0766, 0.0885, 0.4693, 0.9467]","[-0.0109, -0.0164, -0.0076]"
1760021127492,BTC_USDT,121159.7,-0.008,121159.6,121225.2,387821120,4755759196.69605,133347.7,109102.6,121081.5,124149,121159.6,121159.7,101616440,-980.4,4.4e-05,UTC+8,"[-0.008, 0.0323, 0.0762, 0.0881, 0.4688, 0.946]","[-0.0112, -0.0168, -0.008]"
1760021129512,BTC_USDT,121160.0,-0.008,121164.7,121231.0,387827925,4755841645.90981,133354.1,109107.9,121081.5,124149,121161.9,121162.0,101627626,-980.1,4.4e-05,UTC+8,"[-0.008, 0.0323, 0.0762, 0.0881, 0.4688, 0.946]","[-0.0112, -0.0168, -0.008]"
1760021131531,BTC_USDT,121183.1,-0.0078,121187.1,121253.5,387837797,4755961265.03863,133378.8,109128.1,121081.5,124149,121184.1,121184.2,101637366,-957.0,4.4e-05,UTC+8,"[-0.0078, 0.0325, 0.0764, 0.0883, 0.4691, 0.9464]","[-0.011, -0.0166, -0.0078]"
1760021133559,BTC_USDT,121130.7,-0.0082,121135.2,121201.7,387856600,4756189053.39015,133321.8,109081.5,121081.5,124149,121130.7,121130.8,101660531,-1009.4,4.4e-05,UTC+8,"[-0.0082, 0.032, 0.076, 0.0878, 0.4684, 0.9455]","[-0.0115, -0.017, -0.0082]"
1760021135480,BTC_USDT,121143.1,-0.0081,121148.8,121215.3,387865001,4756290823.1203,133336.8,109093.7,121081.5,124149,121143,121143.1,101674744,-997.0,4.4e-05,UTC+8,"[-0.0081, 0.0321, 0.0761, 0.0879, 0.4686, 0.9457]","[-0.0114, -0.0169, -0.0081]"
1760021139502,BTC_USDT,121144.4,-0.0081,121149,121215.6,387883877,4756519492.22522,133337.1,109094.0,121081.5,124149,121144.4,121144.5,101551989,-995.7,4.4e-05,UTC+8,"[-0.0081, 0.0321, 0.0761, 0.0879, 0.4686, 0.9457]","[-0.0113, -0.0169, -0.0081]"
1760021141483,BTC_USDT,121100.2,-0.0085,121162.1,121228.8,388076523,4758852516.10968,133351.6,109105.9,121081.5,124149,121099.9,121100.2,101898014,-1039.9,4.4e-05,UTC+8,"[-0.0085, 0.0318, 0.0757, 0.0875, 0.4681, 0.945]","[-0.0117, -0.0173, -0.0085]"
1760021143504,BTC_USDT,121105.5,-0.0084,121113.1,121180.0,388159851,4759861628.44412,133298.0,109062.0,121081.5,124149,121105.4,121105.5,101900313,-1034.6,4.4e-05,UTC+8,"[-0.0084, 0.0318, 0.0757, 0.0876, 0.4681, 0.9451]","[-0.0117, -0.0172, -0.0084]"
1760021145487,BTC_USDT,121116.1,-0.0083,121120.8,121187.8,388213753,4760514449.48672,133306.5,109069.0,121081.5,124149,121116.1,121116.2,101967585,-1024.0,4.4e-05,UTC+8,"[-0.0083, 0.0319, 0.0758, 0.0877, 0.4683, 0.9453]","[-0.0116, -0.0172, -0.0083]"
1760021147495,BTC_USDT,121116.1,-0.0083,121120.8,121187.8,388284795,4761374882.50751,133306.5,109069.0,121081.5,124149,121116.1,121116.2,101987522,-1024.0,4.4e-05,UTC+8,"[-0.0083, 0.0319, 0.0758, 0.0877, 0.4683, 0.9453]","[-0.0116, -0.0172, -0.0083]"
1760021151512,BTC_USDT,121122.6,-0.0083,121126,121193.1,388333101,4761959980.77497,133312.4,109073.7,121081.5,124149,121126.7,121126.8,102000168,-1017.5,4.4e-05,UTC+8,"[-0.0083, 0.032, 0.0759, 0.0877, 0.4683, 0.9454]","[-0.0115, -0.0171, -0.0083]"
1760021153512,BTC_USDT,121158.1,-0.008,121159.5,121226.7,388342469,4762073466.96064,133349.3,109104.0,121081.5,124149,121158.1,121158.2,102011049,-982.0,4.4e-05,UTC+8,"[-0.008, 0.0323, 0.0762, 0.088, 0.4688, 0.946]","[-0.0112, -0.0168, -0.008]"
1760021155505,BTC_USDT,121158.1,-0.008,121166.4,121233.8,388398452,4762751746.42336,133357.1,109110.4,121081.5,124149,121158.1,121158.2,102015244,-982.0,4.4e-05,UTC+8,"[-0.008, 0.0323, 0.0762, 0.088, 0.4688, 0.946]","[-0.0112, -0.0168, -0.008]"
1760021157498,BTC_USDT,121158.1,-0.008,121166.3,121233.8,388429983,4763133770.32831,133357.1,109110.4,121081.5,124149,121158.1,121158.2,102021492,-982.0,4.4e-05,UTC+8,"[-0.008, 0.0323, 0.0762, 0.088, 0.4688, 0.946]","[-0.0112, -0.0168, -0.008]"
1760021161501,BTC_USDT,121102.5,-0.0084,121123,121190.9,388551391,4764604518.58283,133309.9,109071.8,121081.5,124149,121102.5,121102.6,101511049,-1037.6,4.2e-05,UTC+8,"[-0.0084, 0.0318, 0.0757, 0.0875, 0.4681, 0.9451]","[-0.0117, -0.0173, -0.0084]"
1760021163521,BTC_USDT,121138.2,-0.0082,121135.4,121203.4,388557884,4764683159.76188,133323.7,109083.0,121081.5,124149,121138.2,121138.3,101518389,-1001.9,4.2e-05,UTC+8,"[-0.0082, 0.0321, 0.076, 0.0879, 0.4685, 0.9456]","[-0.0114, -0.017, -0.0082]"
1760021165487,BTC_USDT,121143.3,-0.0081,121143.3,121211.3,388572617,4764861637.8547,133332.4,109090.1,121081.5,124149,121143.2,121143.3,101519760,-996.8,4.2e-05,UTC+8,"[-0.0081, 0.0321, 0.0761, 0.0879, 0.4686, 0.9457]","[-0.0114, -0.0169, -0.0081]"
1760021167485,BTC_USDT,121148.3,-0.0081,121153.2,121221.4,388578797,4764936504.47017,133343.5,109099.2,121081.5,124149,121157.3,121157.4,101528750,-991.8,4.2e-05,UTC+8,"[-0.0081, 0.0322, 0.0761, 0.088, 0.4687, 0.9458]","[-0.0113, -0.0169, -0.0081]"
1760021171486,BTC_USDT,121143.3,-0.0081,121158.1,121207.5,388622164,4765461923.93791,133328.2,109086.7,121081.5,124149,121143.2,121143.3,101557106,-996.8,4.2e-05,UTC+8,"[-0.0081, 0.0321, 0.0761, 0.0879, 0.4686, 0.9457]","[-0.0114, -0.0169, -0.0081]"
1760021173485,BTC_USDT,121147.6,-0.0081,121154.9,121223.5,388625107,4765497579.07365,133345.8,109101.1,121081.5,124149,121147.5,121147.6,101560767,-992.5,4.2e-05,UTC+8,"[-0.0081, 0.0322, 0.0761, 0.088, 0.4686, 0.9458]","[-0.0113, -0.0169, -0.0081]"
1760021175486,BTC_USDT,121183.1,-0.0078,121174.7,121243.4,388635199,4765619845.87737,133367.7,109119.0,121081.5,124149,121187.5,121187.6,101567463,-957.0,4.2e-05,UTC+8,"[-0.0078, 0.0325, 0.0764, 0.0883, 0.4691, 0.9464]","[-0.011, -0.0166, -0.0078]"
1760021177471,BTC_USDT,121182.4,-0.0078,121186.1,121254.9,388650363,4765803606.90804,133380.3,109129.4,121081.5,124149,121182.3,121182.4,101569267,-957.7,4.2e-05,UTC+8,"[-0.0078, 0.0325, 0.0764, 0.0883, 0.4691, 0.9463]","[-0.011, -0.0166, -0.0078]"
1760021179496,BTC_USDT,121192.2,-0.0077,121194.5,121263.4,388666593,4766000299.8397,133389.7,109137.0,121081.5,124149,121192.1,121192.2,101583071,-947.9,4.2e-05,UTC+8,"[-0.0077, 0.0326, 0.0765, 0.0884, 0.4692, 0.9465]","[-0.011, -0.0165, -0.0077]"
1760021183483,BTC_USDT,121218.2,-0.0075,121224,121293.0,388776346,4767330446.39989,133422.3,109163.7,121081.5,124149,121218.1,121218.2,101693167,-921.9,4.2e-05,UTC+8,"[-0.0075, 0.0328, 0.0767, 0.0886, 0.4695, 0.9469]","[-0.0107, -0.0163, -0.0075]"
1760021185495,BTC_USDT,121219.1,-0.0075,121223.2,121292.3,388808830,4767724211.52735,133421.5,109163.0,121081.5,124149,121225.7,121225.8,101695687,-921.0,4.2e-05,UTC+8,"[-0.0075, 0.0328, 0.0767, 0.0886, 0.4695, 0.9469]","[-0.0107, -0.0163, -0.0075]"
1760021187508,BTC_USDT,121238.5,-0.0073,121238.4,121303.5,388851465,4768241065.57965,133433.8,109173.1,121081.5,124149,121238.4,121238.5,101748156,-901.6,4.2e-05,UTC+8,"[-0.0073, 0.0329, 0.0769, 0.0888, 0.4697, 0.9472]","[-0.0106, -0.0162, -0.0073]"
1760021189505,BTC_USDT,121238.5,-0.0073,121238.4,121304.0,388859843,4768342639.16526,133434.4,109173.6,121081.5,124149,121238.4,121238.5,101438427,-901.6,4.2e-05,UTC+8,"[-0.0073, 0.0329, 0.0769, 0.0888, 0.4697, 0.9472]","[-0.0106, -0.0162, -0.0073]"
1760021193518,BTC_USDT,121139.2,-0.0081,121141.4,121211.0,388916959,4769034508.28259,133332.1,109089.9,121081.5,124149,121139.2,121139.3,101489774,-1000.9,4.2e-05,UTC+8,"[-0.0081, 0.0321, 0.076, 0.0879, 0.4685, 0.9457]","[-0.0114, -0.017, -0.0081]"
1760021195586,BTC_USDT,121155.3,-0.008,121155.2,121225.6,388950382,4769439397.52004,133348.1,109103.0,121081.5,124149,121155.2,121155.3,101495937,-984.8,4.2e-05,UTC+8,"[-0.008, 0.0322, 0.0762, 0.088, 0.4687, 0.9459]","[-0.0113, -0.0168, -0.008]"
1760021197513,BTC_USDT,121155.3,-0.008,121160.6,121230.4,388955843,4769505560.38629,133353.4,109107.3,121081.5,124149,121155.2,121155.3,101501509,-984.8,4.2e-05,UTC+8,"[-0.008, 0.0322, 0.0762, 0.088, 0.4687, 0.9459]","[-0.0113, -0.0168, -0.008]"
1760021199588,BTC_USDT,121155.3,-0.008,121160.9,121230.8,388962536,4769586649.60607,133353.8,109107.7,121081.5,124149,121155.2,121155.3,101509619,-984.8,4.2e-05,UTC+8,"[-0.008, 0.0322, 0.0762, 0.088, 0.4687, 0.9459]","[-0.0113, -0.0168, -0.008]"
1760021201518,BTC_USDT,121155.3,-0.008,121161.3,121231.2,388967009,4769640842.36349,133354.3,109108.0,121081.5,124149,121155.2,121155.3,101511851,-984.8,4.2e-05,UTC+8,"[-0.008, 0.0322, 0.0762, 0.088, 0.4687, 0.9459]","[-0.0113, -0.0168, -0.008]"
1760021205502,BTC_USDT,121059.0,-0.0088,121058.9,121127.3,389625720,4777615793.72273,133240.0,109014.5,121033.3,124149,121059,121059.1,102535036,-1081.1,4.2e-05,UTC+8,"[-0.0088, 0.0314, 0.0753, 0.0872, 0.4676, 0.9444]","[-0.012, -0.0176, -0.0088]"
1760021207484,BTC_USDT,120981.8,-0.0094,121034,121104.4,390040689,4782636615.55195,133214.8,108993.9,120981.8,124149,120980,120980.1,102898664,-1158.3,4.2e-05,UTC+8,"[-0.0094, 0.0308, 0.0746, 0.0865, 0.4666, 0.9431]","[-0.0127, -0.0183, -0.0094]"
1760021209473,BTC_USDT,120967.2,-0.0096,120967.3,121035.8,390403716,4787026843.10022,133139.3,108932.2,120901.9,124149,120967.2,120967.3,102440364,-1172.9,4.2e-05,UTC+8,"[-0.0096, 0.0306, 0.0745, 0.0863, 0.4665, 0.9429]","[-0.0128, -0.0184, -0.0096]"
1760021211488,BTC_USDT,120901.8,-0.0101,120929.6,121000.3,390555046,4788856574.43684,133100.3,108900.2,120895.9,124149,120902.2,120902.3,102627581,-1238.3,4.2e-05,UTC+8,"[-0.0101, 0.0301, 0.0739, 0.0857, 0.4657, 0.9418]","[-0.0133, -0.0189, -0.0101]"
1760021215552,BTC_USDT,120788.4,-0.011,120844.5,120915.6,390891473,4792921842.12315,133007.1,108824.0,120788.4,124149,120784.9,120785.4,102919362,-1351.7,4.2e-05,UTC+8,"[-0.011, 0.0291, 0.0729, 0.0847, 0.4643, 0.94]","[-0.0142, -0.0198, -0.011]"
1760021217486,BTC_USDT,120813.9,-0.0108,120814.2,120885.5,391353512,4798501738.30739,132974.0,108796.9,120757.9,124149,120819.4,120819.5,103022837,-1326.2,4.2e-05,UTC+8,"[-0.0108, 0.0293, 0.0731, 0.085, 0.4646, 0.9404]","[-0.014, -0.0196, -0.0108]"
1760021219485,BTC_USDT,120833.1,-0.0107,120826.7,120898.1,391416285,4799260148.44594,132987.9,108808.2,120757.9,124149,120833,120833.1,103134097,-1307.0,4.2e-05,UTC+8,"[-0.0107, 0.0295, 0.0733, 0.0851, 0.4648, 0.9407]","[-0.0139, -0.0195, -0.0107]"
1760021221506,BTC_USDT,120842.9,-0.0106,120877.1,120942.2,391463014,4799824886.44246,133036.4,108847.9,120757.9,124149,120826.9,120827.0,103145227,-1297.2,4.2e-05,UTC+8,"[-0.0106, 0.0296, 0.0734, 0.0852, 0.4649, 0.9409]","[-0.0138, -0.0194, -0.0106]"
1760021225472,BTC_USDT,120849.8,-0.0105,120848.3,120920.1,391708655,4802792851.9695,133012.1,108828.0,120757.9,124149,120849.7,120849.8,103394392,-1290.3,4.2e-05,UTC+8,"[-0.0105, 0.0296, 0.0735, 0.0853, 0.465, 0.941]","[-0.0137, -0.0193, -0.0105]"
1760021227481,BTC_USDT,120924.7,-0.0099,120902.7,120974.6,391858497,4804604568.13877,133072.0,108877.1,120757.9,124149,120924.6,120924.8,103628193,-1215.4,4.2e-05,UTC+8,"[-0.0099, 0.0303, 0.0741, 0.0859, 0.4659, 0.9422]","[-0.0131, -0.0187, -0.0099]"
1760021229469,BTC_USDT,120888.3,-0.0102,120910.7,120982.7,392053179,4806958727.89897,133080.9,108884.4,120757.9,124149,120888.2,120888.3,101757797,-1251.8,4.2e-05,UTC+8,"[-0.0102, 0.03, 0.0738, 0.0856, 0.4655, 0.9416]","[-0.0134, -0.019, -0.0102]"
1760021231532,BTC_USDT,120895.3,-0.0101,120897,120968.9,392144696,4808065101.74224,133065.7,108872.0,120757.9,124149,120895.3,120895.4,101816834,-1244.8,4.2e-05,UTC+8,"[-0.0101, 0.03, 0.0739, 0.0857, 0.4656, 0.9417]","[-0.0134, -0.019, -0.0101]"
1760021233480,BTC_USDT,120892.8,-0.0102,120887,120955.8,392177485,4808461462.68765,133051.3,108860.2,120757.9,124149,120892.7,120892.8,101821960,-1247.3,4.2e-05,UTC+8,"[-0.0102, 0.03, 0.0738, 0.0857, 0.4656, 0.9417]","[-0.0134, -0.019, -0.0102]"
1760021237483,BTC_USDT,120907.1,-0.01,120911.7,120983.5,392302376,4809971507.07681,133081.8,108885.1,120757.9,124149,120907,120907.1,101866821,-1233.0,4.2e-05,UTC+8,"[-0.01, 0.0301, 0.074, 0.0858, 0.4657, 0.9419]","[-0.0133, -0.0189, -0.01]"
1760021239547,BTC_USDT,120931.5,-0.0098,120929.2,121001.0,392348765,4810532454.00251,133101.1,108900.9,120757.9,124149,120931.4,120931.5,101870034,-1208.6,4.2e-05,UTC+8,"[-0.0098, 0.0303, 0.0742, 0.086, 0.466, 0.9423]","[-0.0131, -0.0187, -0.0098]"
1760021241483,BTC_USDT,120987.6,-0.0094,120951.4,121023.2,392390651,4811039059.64687,133125.5,108920.8,120757.9,124149,120993.4,120993.5,101896903,-1152.5,4.2e-05,UTC+8,"[-0.0094, 0.0308, 0.0747, 0.0865, 0.4667, 0.9432]","[-0.0126, -0.0182, -0.0094]"
1760021243481,BTC_USDT,120936.7,-0.0098,120936.7,120995.4,392443496,4811678166.21637,133094.9,108895.8,120757.9,124149,120936.6,120936.7,101949615,-1203.4,4.2e-05,UTC+8,"[-0.0098, 0.0304, 0.0742, 0.0861, 0.4661, 0.9424]","[-0.013, -0.0186, -0.0098]"
1760021247470,BTC_USDT,120926.0,-0.0099,120926,120981.3,392536329,4812800783.6627,133079.4,108883.1,120757.9,124149,120925.9,120926.0,102003243,-1214.1,4.2e-05,UTC+8,"[-0.0099, 0.0303, 0.0741, 0.086, 0.466, 0.9422]","[-0.0131, -0.0187, -0.0099]"
1760021249483,BTC_USDT,120941.9,-0.0098,120942.6,121002.9,392574032,4813256742.72165,133103.1,108902.6,120757.9,124149,120941.9,120942.0,102028430,-1198.2,4.2e-05,UTC+8,"[-0.0098, 0.0304, 0.0743, 0.0861, 0.4661, 0.9425]","[-0.013, -0.0186, -0.0098]"
1760021251480,BTC_USDT,120874.4,-0.0103,120889.7,120961.2,392627268,4813900645.50325,133057.3,108865.0,120757.9,124149,120871.4,120871.5,102043431,-1265.7,4.2e-05,UTC+8,"[-0.0103, 0.0298, 0.0737, 0.0855, 0.4653, 0.9414]","[-0.0135, -0.0191, -0.0103]"
1760021253481,BTC_USDT,120856.8,-0.0105,120856.8,120923.4,392677891,4814512466.76294,133015.7,108831.0,120757.9,124149,120856.7,120856.8,102056173,-1283.3,4.2e-05,UTC+8,"[-0.0105, 0.0297, 0.0735, 0.0853, 0.4651, 0.9411]","[-0.0137, -0.0193, -0.0105]"
1760021257479,BTC_USDT,120791.0,-0.011,120799.4,120862.9,392777262,4815713036.99205,132949.1,108776.6,120757.9,124149,120790.9,120791.0,102137643,-1349.1,4.2e-05,UTC+8,"[-0.011, 0.0291, 0.0729, 0.0847, 0.4643, 0.9401]","[-0.0142, -0.0198, -0.011]"
1760021259472,BTC_USDT,120769.0,-0.0112,120775.2,120846.3,393061408,4819144770.12589,132930.9,108761.6,120757.9,124149,120768.9,120769.3,101598457,-1371.1,4.2e-05,UTC+8,"[-0.0112, 0.0289, 0.0727, 0.0846, 0.4641, 0.9397]","[-0.0144, -0.02, -0.0112]"
1760021261536,BTC_USDT,120731.9,-0.0115,120737.9,120809.8,393422219,4823501592.63635,132890.7,108728.8,120724.1,124149,120724.4,120730.1,101667297,-1408.2,4.2e-05,UTC+8,"[-0.0115, 0.0286, 0.0724, 0.0842, 0.4636, 0.9391]","[-0.0147, -0.0203, -0.0115]"
1760021263479,BTC_USDT,120700.0,-0.0117,120710.3,120782.2,393614032,4825816828.18802,132860.4,108703.9,120678.7,124149,120698.4,120698.5,101824237,-1440.1,4.2e-05,UTC+8,"[-0.0117, 0.0284, 0.0721, 0.0839, 0.4632, 0.9386]","[-0.015, -0.0205, -0.0117]"
1760021265498,BTC_USDT,120714.6,-0.0116,120698.4,120770.0,393791726,4827961567.70546,132847.0,108693.0,120678.7,124149,120714.6,120714.7,101847011,-1425.5,4.2e-05,UTC+8,"[-0.0116, 0.0285, 0.0723, 0.0841, 0.4634, 0.9388]","[-0.0148, -0.0204, -0.0116]"
1760021269505,BTC_USDT,120688.4,-0.0118,120697.1,120757.3,394070427,4831326207.87414,132833.0,108681.5,120678.7,124149,120688.3,120688.4,101984435,-1451.7,4.2e-05,UTC+8,"[-0.0118, 0.0283, 0.072, 0.0838, 0.4631, 0.9384]","[-0.0151, -0.0206, -0.0118]"
1760021271480,BTC_USDT,120698.2,-0.0118,120698.2,120762.9,394135026,4832105866.40238,132839.1,108686.6,120678.7,124149,120698.1,120698.2,102016693,-1441.9,4.2e-05,UTC+8,"[-0.0118, 0.0283, 0.0721, 0.0839, 0.4632, 0.9386]","[-0.015, -0.0206, -0.0118]"
1760021273489,BTC_USDT,120733.9,-0.0115,120734,120803.5,394164343,4832459784.56877,132883.8,108723.1,120678.7,124149,120732.6,120732.7,102024205,-1406.2,4.2e-05,UTC+8,"[-0.0115, 0.0286, 0.0724, 0.0842, 0.4636, 0.9391]","[-0.0147, -0.0203, -0.0115]"
1760021275518,BTC_USDT,120767.9,-0.0112,120751.7,120824.3,394294210,4834027737.30782,132906.7,108741.8,120678.7,124149,120767.9,120768.0,102102327,-1372.2,4.2e-05,UTC+8,"[-0.0112, 0.0289, 0.0727, 0.0845, 0.464, 0.9397]","[-0.0144, -0.02, -0.0112]"
1760021279487,BTC_USDT,120833.9,-0.0106,120824.3,120896.2,394352908,4834736736.29587,132985.8,108806.5,120678.7,124149,120833.8,120833.9,102155291,-1306.2,4.2e-05,UTC+8,"[-0.0106, 0.0295, 0.0733, 0.0851, 0.4648, 0.9408]","[-0.0139, -0.0195, -0.0106]"
1760021281494,BTC_USDT,120838.6,-0.0106,120838.6,120905.0,394380660,4835072086.42387,132995.5,108814.5,120678.7,124149,120838.6,120838.7,102182574,-1301.5,4.1e-05,UTC+8,"[-0.0106, 0.0295, 0.0734, 0.0852, 0.4649, 0.9408]","[-0.0138, -0.0194, -0.0106]"
1760021283481,BTC_USDT,120869.2,-0.0104,120866.5,120932.0,394404467,4835359783.76773,133025.2,108838.8,120678.7,124149,120875.9,120876.0,102202829,-1270.9,4.1e-05,UTC+8,"[-0.0104, 0.0298, 0.0736, 0.0855, 0.4653, 0.9413]","[-0.0136, -0.0192, -0.0104]"
1760021285479,BTC_USDT,120846.1,-0.0105,120876,120911.9,394516651,4836715675.08097,133003.0,108820.7,120678.7,124149,120846,120846.1,102322012,-1294.0,4.1e-05,UTC+8,"[-0.0105, 0.0296, 0.0734, 0.0852, 0.465, 0.9409]","[-0.0138, -0.0194, -0.0105]"
1760021289481,BTC_USDT,120796.9,-0.0109,120840.9,120879.0,394552826,4837152813.92782,132966.9,108791.1,120678.7,124149,120796.8,120796.9,101345535,-1343.2,4.1e-05,UTC+8,"[-0.0109, 0.0292, 0.073, 0.0848, 0.4644, 0.9402]","[-0.0142, -0.0198, -0.0109]"
1760021291490,BTC_USDT,120810.1,-0.0108,120810.1,120870.8,394590202,4837604326.55708,132957.8,108783.7,120678.7,124149,120810,120810.1,101361422,-1330.0,4.1e-05,UTC+8,"[-0.0108, 0.0293, 0.0731, 0.0849, 0.4646, 0.9404]","[-0.0141, -0.0196, -0.0108]"
1760021293624,BTC_USDT,120821.3,-0.0107,120810.7,120871.9,394658824,4838433355.18667,132959.0,108784.7,120678.7,124149,120821.2,120821.3,101433425,-1318.8,4.1e-05,UTC+8,"[-0.0107, 0.0294, 0.0732, 0.085, 0.4647, 0.9405]","[-0.014, -0.0196, -0.0107]"
1760021295516,BTC_USDT,120846.1,-0.0105,120838.9,120902.9,394709648,4839047503.35803,132993.1,108812.6,120678.7,124149,120848.8,120848.9,101462130,-1294.0,4.1e-05,UTC+8,"[-0.0105, 0.0296, 0.0734, 0.0852, 0.465, 0.9409]","[-0.0138, -0.0194, -0.0105]"
1760021297491,BTC_USDT,120830.5,-0.0107,120830.5,120900.2,394727113,4839258547.96212,132990.2,108810.1,120678.7,124149,120830.4,120830.5,101474087,-1309.6,4.1e-05,UTC+8,"[-0.0107, 0.0295, 0.0733, 0.0851, 0.4648, 0.9407]","[-0.0139, -0.0195, -0.0107]"
1760021301481,BTC_USDT,120859.9,-0.0104,120864.5,120936.2,394775720,4839845951.37243,133029.8,108842.5,120678.7,124149,120859.8,120859.9,101481552,-1280.2,4.1e-05,UTC+8,"[-0.0104, 0.0297, 0.0736, 0.0854, 0.4652, 0.9412]","[-0.0137, -0.0192, -0.0104]"
1760021303477,BTC_USDT,120859.8,-0.0104,120855.7,120927.4,394785507,4839964235.21358,133020.1,108834.6,120678.7,124149,120861.5,120861.6,101486441,-1280.3,4.1e-05,UTC+8,"[-0.0104, 0.0297, 0.0736, 0.0854, 0.4652, 0.9412]","[-0.0137, -0.0192, -0.0104]"
1760021305502,BTC_USDT,120867.7,-0.0104,120867.7,120937.3,394807189,4840226299.89538,133031.0,108843.5,120678.7,124149,120867.6,120867.7,101492819,-1272.4,4.1e-05,UTC+8,"[-0.0104, 0.0298, 0.0736, 0.0854, 0.4652, 0.9413]","[-0.0136, -0.0192, -0.0104]"
1760021307483,BTC_USDT,120862.4,-0.0104,120860,120929.7,394890153,4841229011.68609,133022.6,108836.7,120678.7,124149,120862.3,120862.4,101566800,-1277.7,4.1e-05,UTC+8,"[-0.0104, 0.0297, 0.0736, 0.0854, 0.4652, 0.9412]","[-0.0136, -0.0192, -0.0104]"
1760021311503,BTC_USDT,120875.2,-0.0103,120874.9,120944.0,394929051,4841699167.83164,133038.4,108849.6,120678.7,124149,120875.1,120875.2,101584633,-1264.9,4.1e-05,UTC+8,"[-0.0103, 0.0299, 0.0737, 0.0855, 0.4653, 0.9414]","[-0.0135, -0.0191, -0.0103]"
1760021313484,BTC_USDT,120899.9,-0.0101,120899.5,120959.7,394968168,4842172014.49979,133055.6,108863.7,120678.7,124149,120899.9,120900.0,101593739,-1240.2,4.1e-05,UTC+8,"[-0.0101, 0.0301, 0.0739, 0.0857, 0.4656, 0.9418]","[-0.0133, -0.0189, -0.0101]"
1760021315491,BTC_USDT,120890.0,-0.0102,120889.9,120948.1,395061277,4843297607.39968,133042.9,108853.2,120678.7,124149,120889.9,120890.0,101617731,-1250.1,4.1e-05,UTC+8,"[-0.0102, 0.03, 0.0738, 0.0856, 0.4655, 0.9417]","[-0.0134, -0.019, -0.0102]"
1760021317496,BTC_USDT,120890.0,-0.0102,120889.9,120955.8,395114171,4843937049.25735,133051.3,108860.2,120678.7,124149,120889.9,120890.0,101233631,-1250.1,4.1e-05,UTC+8,"[-0.0102, 0.03, 0.0738, 0.0856, 0.4655, 0.9417]","[-0.0134, -0.019, -0.0102]"
1760021319487,BTC_USDT,120883.4,-0.0102,120888.4,120957.1,395175839,4844682539.27657,133052.8,108861.3,120678.7,124149,120883.3,120883.4,101258217,-1256.7,4.1e-05,UTC+8,"[-0.0102, 0.0299, 0.0738, 0.0856, 0.4654, 0.9415]","[-0.0135, -0.0191, -0.0102]"
1760021323571,BTC_USDT,120919.5,-0.0099,120906.3,120974.5,395270553,4845827593.95262,133071.9,108877.0,120678.7,124149,120919.5,120919.6,101276296,-1220.6,4.1e-05,UTC+8,"[-0.0099, 0.0302, 0.0741, 0.0859, 0.4659, 0.9421]","[-0.0132, -0.0188, -0.0099]"
1760021325488,BTC_USDT,120911.0,-0.01,120933,120996.7,395278457,4845923176.98058,133096.3,108897.0,120678.7,124149,120910.9,120911.0,101280173,-1229.1,4.1e-05,UTC+8,"[-0.01, 0.0302, 0.074, 0.0858, 0.4658, 0.942]","[-0.0132, -0.0188, -0.01]"
1760021327521,BTC_USDT,120900.1,-0.0101,120904.4,120972.9,395313261,4846344001.66229,133070.1,108875.6,120678.7,124149,120900,120900.1,101283781,-1240.0,4.1e-05,UTC+8,"[-0.0101, 0.0301, 0.0739, 0.0857, 0.4656, 0.9418]","[-0.0133, -0.0189, -0.0101]"
1760021329512,BTC_USDT,120900.1,-0.0101,120900,120969.2,395330709,4846554948.70782,133066.1,108872.2,120678.7,124149,120900,120900.1,101296435,-1240.0,4.1e-05,UTC+8,"[-0.0101, 0.0301, 0.0739, 0.0857, 0.4656, 0.9418]","[-0.0133, -0.0189, -0.0101]"
1760021331490,BTC_USDT,120881.6,-0.0103,120889.9,120961.4,395349023,4846776360.0411,133057.5,108865.2,120678.7,124149,120881.5,120881.6,101308756,-1258.5,4.1e-05,UTC+8,"[-0.0103, 0.0299, 0.0737, 0.0856, 0.4654, 0.9415]","[-0.0135, -0.0191, -0.0103]"
1760021335534,BTC_USDT,120884.9,-0.0102,120910.9,120959.9,395396293,4847347831.55018,133055.8,108863.9,120678.7,124149,120884.4,120884.5,101327593,-1255.2,4.1e-05,UTC+8,"[-0.0102, 0.0299, 0.0738, 0.0856, 0.4655, 0.9416]","[-0.0135, -0.019, -0.0102]"
1760021337474,BTC_USDT,120888.6,-0.0102,120897.2,120956.8,395419348,4847626539.7044,133052.4,108861.1,120678.7,124149,120888.5,120888.6,101344433,-1251.5,4.1e-05,UTC+8,"[-0.0102, 0.03, 0.0738, 0.0856, 0.4655, 0.9416]","[-0.0134, -0.019, -0.0102]"
1760021339510,BTC_USDT,120894.7,-0.0101,120888.5,120958.2,395436619,4847835334.41675,133054.0,108862.3,120678.7,124149,120894.6,120894.7,101348618,-1245.4,4.1e-05,UTC+8,"[-0.0101, 0.03, 0.0739, 0.0857, 0.4656, 0.9417]","[-0.0134, -0.019, -0.0101]"
1760021341549,BTC_USDT,120914.3,-0.01,120887.6,120958.8,395470542,4848245437.37483,133054.6,108862.9,120678.7,124149,120914.2,120914.3,101363152,-1225.8,3.9e-05,UTC+8,"[-0.01, 0.0302, 0.074, 0.0859, 0.4658, 0.942]","[-0.0132, -0.0188, -0.01]"
1760021345496,BTC_USDT,120887.3,-0.0102,120887.2,120946.3,395498151,4848579210.46304,133040.9,108851.6,120678.7,124149,120887.2,120887.3,101185039,-1252.8,3.9e-05,UTC+8,"[-0.0102, 0.03, 0.0738, 0.0856, 0.4655, 0.9416]","[-0.0134, -0.019, -0.0102]"
1760021347517,BTC_USDT,120840.1,-0.0106,120897.6,120952.2,395517868,4848817540.99131,133047.4,108856.9,120678.7,124149,120840,120840.1,101223456,-1300.0,3.9e-05,UTC+8,"[-0.0106, 0.0296, 0.0734, 0.0852, 0.4649, 0.9409]","[-0.0138, -0.0194, -0.0106]"
1760021349532,BTC_USDT,120849.6,-0.0105,120858.3,120920.7,395543795,4849130883.08057,133012.7,108828.6,120678.7,124149,120849.6,120849.7,101232045,-1290.5,3.9e-05,UTC+8,"[-0.0105, 0.0296, 0.0735, 0.0853, 0.465, 0.941]","[-0.0137, -0.0193, -0.0105]"
1760021351511,BTC_USDT,120884.6,-0.0102,120894,120954.5,395637861,4850268002.61192,133049.9,108859.0,120678.7,124149,120884.5,120884.6,101352472,-1255.5,3.9e-05,UTC+8,"[-0.0102, 0.0299, 0.0738, 0.0856, 0.4655, 0.9416]","[-0.0135, -0.019, -0.0102]"
1760021353507,BTC_USDT,120909.5,-0.01,120885.6,120951.4,395647073,4850379359.3356,133046.5,108856.2,120678.7,124149,120909.5,120909.6,101364715,-1230.6,3.9e-05,UTC+8,"[-0.01, 0.0301, 0.074, 0.0858, 0.4658, 0.942]","[-0.0133, -0.0188, -0.01]"
1760021357494,BTC_USDT,120956.9,-0.0096,120935.7,121000.4,395720190,4851263622.32117,133100.4,108900.3,120678.7,124149,120963.2,120963.3,101431579,-1183.2,3.9e-05,UTC+8,"[-0.0096, 0.0305, 0.0744, 0.0862, 0.4663, 0.9427]","[-0.0129, -0.0185, -0.0096]"
1760021359517,BTC_USDT,121017.3,-0.0091,121017.4,121067.2,395811235,4852365314.42942,133173.9,108960.4,120678.7,124149,121008,121008.1,101468675,-1122.8,3.9e-05,UTC+8,"[-0.0091, 0.0311, 0.075, 0.0868, 0.4671, 0.9437]","[-0.0124, -0.018, -0.0091]"
1760021361494,BTC_USDT,121019.7,-0.0091,121012.2,121069.2,395834511,4852646982.43474,133176.1,108962.2,120678.7,124149,121019.6,121019.7,101482241,-1120.4,3.9e-05,UTC+8,"[-0.0091, 0.0311, 0.075, 0.0868, 0.4671, 0.9437]","[-0.0124, -0.0179, -0.0091]"
1760021363492,BTC_USDT,121091.4,-0.0085,121091.2,121120.2,396160490,4856593942.84757,133232.2,109008.1,120678.7,124149,121093.4,121095.0,101487619,-1048.7,3.9e-05,UTC+8,"[-0.0085, 0.0317, 0.0756, 0.0874, 0.468, 0.9449]","[-0.0118, -0.0174, -0.0085]"
1760021367482,BTC_USDT,121121.9,-0.0083,121116.2,121175.5,396459345,4860213192.51167,133293.0,109057.9,120678.7,124149,121121.9,121122.0,100522251,-1018.2,3.9e-05,UTC+8,"[-0.0083, 0.032, 0.0759, 0.0877, 0.4683, 0.9454]","[-0.0115, -0.0171, -0.0083]"
1760021369480,BTC_USDT,121100.1,-0.0085,121105.2,121153.9,396663240,4862682475.90673,133269.2,109038.5,120678.7,124149,121084.8,121084.9,100547676,-1040.0,3.9e-05,UTC+8,"[-0.0085, 0.0318, 0.0757, 0.0875, 0.4681, 0.945]","[-0.0117, -0.0173, -0.0085]"
1760021371506,BTC_USDT,121054.2,-0.0088,121054.6,121112.2,396731828,4863512781.80577,133223.4,109000.9,120678.7,124149,121054.1,121054.2,100558938,-1085.9,3.9e-05,UTC+8,"[-0.0088, 0.0314, 0.0753, 0.0871, 0.4675, 0.9443]","[-0.0121, -0.0177, -0.0088]"
1760021373505,BTC_USDT,121054.1,-0.0088,121054.3,121111.4,396830662,4864709208.62929,133222.5,109000.2,120678.7,124149,121039.8,121039.9,100601100,-1086.0,3.9e-05,UTC+8,"[-0.0088, 0.0314, 0.0753, 0.0871, 0.4675, 0.9443]","[-0.0121, -0.0177, -0.0088]"
1760021375479,BTC_USDT,121010.4,-0.0092,120999.5,121069.4,396874779,4865243069.37104,133176.3,108962.4,120678.7,124149,121010.3,121010.4,100613114,-1129.7,3.9e-05,UTC+8,"[-0.0092, 0.031, 0.0749, 0.0867, 0.467, 0.9436]","[-0.0124, -0.018, -0.0092]"
1760021379477,BTC_USDT,120970.5,-0.0095,120983.1,121034.1,397009311,4866871068.10493,133137.5,108930.6,120678.7,124149,120972.5,120972.6,100703213,-1169.6,3.9e-05,UTC+8,"[-0.0095, 0.0307, 0.0745, 0.0864, 0.4665, 0.9429]","[-0.0128, -0.0183, -0.0095]"
1760021381497,BTC_USDT,120978.1,-0.0095,120978.1,121032.2,397045887,4867313545.37459,133135.4,108928.9,120678.7,124149,120978.1,120978.2,100714599,-1162.0,3.9e-05,UTC+8,"[-0.0095, 0.0307, 0.0746, 0.0864, 0.4666, 0.9431]","[-0.0127, -0.0183, -0.0095]"
1760021383518,BTC_USDT,121017.1,-0.0091,120993,121063.3,397070842,4867615483.511,133169.6,108956.9,120678.7,124149,121017,121017.1,100724066,-1123.0,3.9e-05,UTC+8,"[-0.0091, 0.0311, 0.075, 0.0868, 0.4671, 0.9437]","[-0.0124, -0.018, -0.0091]"
1760021385589,BTC_USDT,121022.2,-0.0091,121022.1,121085.0,397110572,4868096287.70343,133193.5,108976.5,120678.7,124149,121022.1,121022.2,100728471,-1117.9,3.9e-05,UTC+8,"[-0.0091, 0.0311, 0.075, 0.0868, 0.4671, 0.9438]","[-0.0123, -0.0179, -0.0091]"
1760021389529,BTC_USDT,120983.0,-0.0094,121026.8,121084.0,397214724,4869356776.67044,133192.4,108975.6,120678.7,124149,120982,120982.1,100816377,-1157.1,3.9e-05,UTC+8,"[-0.0094, 0.0308, 0.0747, 0.0865, 0.4666, 0.9431]","[-0.0127, -0.0182, -0.0094]"
1760021391493,BTC_USDT,120990.0,-0.0094,120980.2,121048.2,397228384,4869522038.87671,133153.0,108943.3,120678.7,124149,120989.9,120990.0,100451878,-1150.1,3.9e-05,UTC+8,"[-0.0094, 0.0308, 0.0747, 0.0865, 0.4667, 0.9433]","[-0.0126, -0.0182, -0.0094]"
1760021393532,BTC_USDT,120991.2,-0.0094,120991.2,121049.4,397240610,4869669961.95847,133154.3,108944.4,120678.7,124149,120991.1,120991.2,100455799,-1148.9,3.9e-05,UTC+8,"[-0.0094, 0.0308, 0.0747, 0.0865, 0.4667, 0.9433]","[-0.0126, -0.0182, -0.0094]"
1760021395507,BTC_USDT,120994.5,-0.0093,120994.5,121057.2,397260732,4869913423.60929,133162.9,108951.4,120678.7,124149,120994.4,120994.5,100477206,-1145.6,3.9e-05,UTC+8,"[-0.0093, 0.0309, 0.0748, 0.0866, 0.4668, 0.9433]","[-0.0126, -0.0181, -0.0093]"
1760021397483,BTC_USDT,120991.5,-0.0094,120995.1,121064.7,397280294,4870150118.64833,133171.1,108958.2,120678.7,124149,120990,120990.1,100479088,-1148.6,3.9e-05,UTC+8,"[-0.0094, 0.0308, 0.0747, 0.0865, 0.4668, 0.9433]","[-0.0126, -0.0182, -0.0094]"
1760021401576,BTC_USDT,120981.3,-0.0094,120989.8,121052.6,397466885,4872407631.7996,133157.8,108947.3,120678.7,124149,120981.3,120981.4,100648837,-1158.8,3.9e-05,UTC+8,"[-0.0094, 0.0308, 0.0746, 0.0865, 0.4666, 0.9431]","[-0.0127, -0.0183, -0.0094]"
1760021403495,BTC_USDT,120970.0,-0.0095,120970.1,121038.7,397489400,4872680004.04241,133142.5,108934.8,120678.7,124149,120970,120970.1,100653243,-1170.1,3.9e-05,UTC+8,"[-0.0095, 0.0307, 0.0745, 0.0864, 0.4665, 0.9429]","[-0.0128, -0.0183, -0.0095]"
1760021405516,BTC_USDT,120971.9,-0.0095,120951.8,121021.1,397510132,4872930764.12706,133123.2,108918.9,120678.7,124149,120971.8,120971.9,100658439,-1168.2,3.9e-05,UTC+8,"[-0.0095, 0.0307, 0.0746, 0.0864, 0.4665, 0.943]","[-0.0127, -0.0183, -0.0095]"
1760021407499,BTC_USDT,121003.8,-0.0093,121003.8,121056.6,397559981,4873533896.45658,133162.2,108950.9,120678.7,124149,121003.7,121003.8,100658982,-1136.3,3.9e-05,UTC+8,"[-0.0093, 0.0309, 0.0748, 0.0867, 0.4669, 0.9435]","[-0.0125, -0.0181, -0.0093]"
1760021411485,BTC_USDT,121068.2,-0.0087,121041.5,121110.8,397631302,4874397049.53047,133221.8,108999.7,120678.7,124149,121076.6,121076.7,100753604,-1071.9,3.9e-05,UTC+8,"[-0.0087, 0.0315, 0.0754, 0.0872, 0.4677, 0.9445]","[-0.012, -0.0176, -0.0087]"
1760021413484,BTC_USDT,121111.2,-0.0084,121111.3,121159.6,397727419,4875560996.45621,133275.5,109043.6,120678.7,124149,121115.1,121115.2,100778720,-1028.9,3.9e-05,UTC+8,"[-0.0084, 0.0319, 0.0758, 0.0876, 0.4682, 0.9452]","[-0.0116, -0.0172, -0.0084]"
1760021415553,BTC_USDT,121104.0,-0.0084,121111.6,121163.1,397758079,4875932322.24348,133279.4,109046.7,120678.7,124149,121103.9,121104.0,100790146,-1036.1,3.9e-05,UTC+8,"[-0.0084, 0.0318, 0.0757, 0.0876, 0.4681, 0.9451]","[-0.0117, -0.0173, -0.0084]"
1760021417513,BTC_USDT,121115.9,-0.0083,121116,121162.9,397783630,4876241762.11215,133279.1,109046.6,120678.7,124149,121115.9,121116.0,100799846,-1024.2,3.9e-05,UTC+8,"[-0.0083, 0.0319, 0.0758, 0.0877, 0.4683, 0.9453]","[-0.0116, -0.0172, -0.0083]"
1760021419516,BTC_USDT,121102.1,-0.0084,121117.3,121163.8,397890238,4877532959.58309,133280.1,109047.4,120678.7,124149,121090.8,121090.9,100324114,-1038.0,3.9e-05,UTC+8,"[-0.0084, 0.0318, 0.0757, 0.0875, 0.4681, 0.9451]","[-0.0117, -0.0173, -0.0084]"
1760021423492,BTC_USDT,121145.1,-0.0081,121127.9,121187.8,397969168,4878488898.76092,133306.5,109069.0,120678.7,124149,121149.2,121149.3,100348934,-995.0,3.9e-05,UTC+8,"[-0.0081, 0.0322, 0.0761, 0.0879, 0.4686, 0.9457]","[-0.0113, -0.0169, -0.0081]"
1760021425483,BTC_USDT,121141.8,-0.0081,121141.9,121204.7,398061162,4879603399.62387,133325.1,109084.2,120678.7,124149,121141.8,121141.9,100381652,-998.3,3.9e-05,UTC+8,"[-0.0081, 0.0321, 0.0761, 0.0879, 0.4686, 0.9457]","[-0.0114, -0.017, -0.0081]"
1760021427512,BTC_USDT,121137.4,-0.0082,121146.8,121204.2,398130550,4880443996.25097,133324.6,109083.7,120678.7,124149,121137.3,121137.4,100422420,-1002.7,3.9e-05,UTC+8,"[-0.0082, 0.0321, 0.076, 0.0879, 0.4685, 0.9456]","[-0.0114, -0.017, -0.0082]"
1760021429521,BTC_USDT,121126.9,-0.0082,121137.3,121190.9,398163079,4880838021.45933,133309.9,109071.8,120678.7,124149,121126.8,121126.9,100436586,-1013.2,3.9e-05,UTC+8,"[-0.0082, 0.032, 0.0759, 0.0878, 0.4684, 0.9455]","[-0.0115, -0.0171, -0.0082]"
1760021433474,BTC_USDT,121134.9,-0.0082,121134.7,121190.2,398220407,4881532441.18682,133309.2,109071.1,120678.7,124149,121134.8,121134.9,100459291,-1005.2,3.9e-05,UTC+8,"[-0.0082, 0.0321, 0.076, 0.0878, 0.4685, 0.9456]","[-0.0114, -0.017, -0.0082]"
1760021435490,BTC_USDT,121141.7,-0.0081,121141.8,121192.1,398234609,4881704480.00804,133311.3,109072.8,120678.7,124149,121141.7,121141.8,100476772,-998.4,3.9e-05,UTC+8,"[-0.0081, 0.0321, 0.0761, 0.0879, 0.4686, 0.9457]","[-0.0114, -0.017, -0.0081]"
1760021437488,BTC_USDT,121156.8,-0.008,121141.8,121205.1,398276060,4882206636.87519,133325.6,109084.5,120678.7,124149,121156.7,121156.8,100494752,-983.3,3.9e-05,UTC+8,"[-0.008, 0.0323, 0.0762, 0.088, 0.4688, 0.9459]","[-0.0112, -0.0168, -0.008]"
1760021439502,BTC_USDT,121156.9,-0.008,121156.8,121206.8,398297560,4882467126.60517,133327.4,109086.1,120678.7,124149,121156.8,121156.9,100496709,-983.2,3.9e-05,UTC+8,"[-0.008, 0.0323, 0.0762, 0.088, 0.4688, 0.9459]","[-0.0112, -0.0168, -0.008]"
1760021441502,BTC_USDT,121156.9,-0.008,121156.9,121206.8,398328184,4882838157.42784,133327.4,109086.1,120678.7,124149,121156.8,121156.9,100525309,-983.2,3.9e-05,UTC+8,"[-0.008, 0.0323, 0.0762, 0.088, 0.4688, 0.9459]","[-0.0112, -0.0168, -0.008]"
1760021445501,BTC_USDT,121133.9,-0.0082,121150,121197.0,398388479,4883568697.58107,133316.7,109077.3,120678.7,124149,121133.9,121134.0,100190298,-1006.2,3.9e-05,UTC+8,"[-0.0082, 0.0321, 0.076, 0.0878, 0.4685, 0.9456]","[-0.0114, -0.017, -0.0082]"
1760021447571,BTC_USDT,121084.7,-0.0086,121084.7,121139.0,398504083,4884968777.27334,133252.9,109025.1,120678.7,124149,121084.6,121084.7,100226391,-1055.4,3.9e-05,UTC+8,"[-0.0086, 0.0316, 0.0756, 0.0874, 0.4679, 0.9448]","[-0.0118, -0.0174, -0.0086]"
1760021449524,BTC_USDT,121059.2,-0.0088,121084.7,121138.0,398539836,4885401690.70311,133251.8,109024.2,120678.7,124149,121059.1,121059.2,100231777,-1080.9,3.9e-05,UTC+8,"[-0.0088, 0.0314, 0.0753, 0.0872, 0.4676, 0.9444]","[-0.012, -0.0176, -0.0088]"
1760021451511,BTC_USDT,121079.6,-0.0086,121069.5,121136.1,398574411,4885820311.01075,133249.7,109022.4,120678.7,124149,121079.5,121079.6,100245518,-1060.5,3.9e-05,UTC+8,"[-0.0086, 0.0316, 0.0755, 0.0873, 0.4678, 0.9447]","[-0.0119, -0.0175, -0.0086]"
1760021455532,BTC_USDT,121089.9,-0.0085,121097.9,121157.4,398632803,4886527330.05022,133273.1,109041.6,120678.7,124149,121089.8,121089.9,100261728,-1050.2,3.9e-05,UTC+8,"[-0.0085, 0.0317, 0.0756, 0.0874, 0.4679, 0.9449]","[-0.0118, -0.0174, -0.0085]"
1760021457491,BTC_USDT,121089.8,-0.0085,121089.9,121150.3,398662633,4886888540.94856,133265.3,109035.2,120678.7,124149,121089.8,121096.3,100265820,-1050.3,3.9e-05,UTC+8,"[-0.0085, 0.0317, 0.0756, 0.0874, 0.4679, 0.9449]","[-0.0118, -0.0174, -0.0085]"
1760021459501,BTC_USDT,121115.6,-0.0083,121113.4,121179.5,398696467,4887298280.26773,133297.4,109061.5,120678.7,124149,121115.6,121115.7,100296424,-1024.5,3.9e-05,UTC+8,"[-0.0083, 0.0319, 0.0758, 0.0877, 0.4683, 0.9453]","[-0.0116, -0.0172, -0.0083]"
1760021461496,BTC_USDT,121130.9,-0.0082,121136.1,121191.1,398735187,4887767304.8218,133310.2,109071.9,120678.7,124149,121130.8,121130.9,100333522,-1009.2,3.9e-05,UTC+8,"[-0.0082, 0.032, 0.076, 0.0878, 0.4684, 0.9455]","[-0.0115, -0.017, -0.0082]"
1760021463506,BTC_USDT,121130.9,-0.0082,121130.9,121193.9,398840329,4889040898.98539,133313.2,109074.5,120678.7,124149,121139.8,121139.9,100342953,-1009.2,3.9e-05,UTC+8,"[-0.0082, 0.032, 0.076, 0.0878, 0.4684, 0.9455]","[-0.0115, -0.017, -0.0082]"
1760021467520,BTC_USDT,121109.4,-0.0084,121113.3,121174.6,398851781,4889179612.91931,133292.0,109057.1,120678.7,124149,121107,121107.1,100357765,-1030.7,3.9e-05,UTC+8,"[-0.0084, 0.0318, 0.0758, 0.0876, 0.4682, 0.9452]","[-0.0116, -0.0172, -0.0084]"
1760021469537,BTC_USDT,121112.3,-0.0084,121107.1,121164.4,398892615,4889674161.50874,133280.8,109047.9,120678.7,124149,121112.3,121112.4,100365138,-1027.8,3.9e-05,UTC+8,"[-0.0084, 0.0319, 0.0758, 0.0876, 0.4682, 0.9452]","[-0.0116, -0.0172, -0.0084]"
1760021471494,BTC_USDT,121112.4,-0.0084,121112.3,121170.1,398894999,4889703034.69346,133287.1,109053.0,120678.7,124149,121112.3,121112.4,99969355,-1027.7,3.9e-05,UTC+8,"[-0.0084, 0.0319, 0.0758, 0.0876, 0.4682, 0.9452]","[-0.0116, -0.0172, -0.0084]"
1760021473486,BTC_USDT,121156.0,-0.008,121139,121204.7,398897507,4889733414.12144,133325.1,109084.2,120678.7,124149,121155.9,121156.0,99970621,-984.1,3.9e-05,UTC+8,"[-0.008, 0.0322, 0.0762, 0.088, 0.4687, 0.9459]","[-0.0112, -0.0168, -0.008]"
1760021477570,BTC_USDT,121156.3,-0.008,121156.2,121214.7,398946061,4890321675.93518,133336.1,109093.2,120678.7,124149,121156.2,121156.3,99982283,-983.8,3.9e-05,UTC+8,"[-0.008, 0.0322, 0.0762, 0.088, 0.4687, 0.9459]","[-0.0112, -0.0168, -0.008]"
1760021479489,BTC_USDT,121167.3,-0.0079,121167.3,121221.1,398987621,4890825228.0991,133343.2,109098.9,120678.7,124149,121167.2,121167.3,99990956,-972.8,3.9e-05,UTC+8,"[-0.0079, 0.0323, 0.0763, 0.0881, 0.4689, 0.9461]","[-0.0112, -0.0167, -0.0079]"
1760021481527,BTC_USDT,121167.2,-0.0079,121167.2,121221.6,398998005,4890951048.19223,133343.7,109099.4,120678.7,124149,121167.2,121167.3,99994927,-972.9,3.9e-05,UTC+8,"[-0.0079, 0.0323, 0.0763, 0.0881, 0.4689, 0.9461]","[-0.0112, -0.0167, -0.0079]"
1760021483478,BTC_USDT,121167.2,-0.0079,121167.2,121221.6,399007600,4891067308.19819,133343.7,109099.4,120678.7,124149,121167.2,121167.3,99997518,-972.9,3.9e-05,UTC+8,"[-0.0079, 0.0323, 0.0763, 0.0881, 0.4689, 0.9461]","[-0.0112, -0.0167, -0.0079]"
1760021485499,BTC_USDT,121167.3,-0.0079,121167.3,121221.7,399074230,4891874645.59497,133343.8,109099.5,120678.7,124149,121167.2,121167.3,100025034,-972.8,3.9e-05,UTC+8,"[-0.0079, 0.0323, 0.0763, 0.0881, 0.4689, 0.9461]","[-0.0112, -0.0167, -0.0079]"
1760021489489,BTC_USDT,121212.5,-0.0075,121207.8,121270.5,399164846,4892972931.50776,133397.5,109143.4,120678.7,124149,121212.4,121213.0,100038846,-927.6,3.9e-05,UTC+8,"[-0.0075, 0.0327, 0.0767, 0.0885, 0.4694, 0.9468]","[-0.0108, -0.0164, -0.0075]"
1760021491508,BTC_USDT,121218.1,-0.0075,121217.5,121278.6,399197842,4893372898.13205,133406.4,109150.7,120678.7,124149,121216.8,121216.9,100043378,-922.0,3.9e-05,UTC+8,"[-0.0075, 0.0328, 0.0767, 0.0886, 0.4695, 0.9469]","[-0.0107, -0.0163, -0.0075]"
1760021493515,BTC_USDT,121221.4,-0.0075,121221.2,121278.9,399221382,4893658241.64429,133406.7,109151.0,120678.7,124149,121224.9,121225.0,100061940,-918.7,3.9e-05,UTC+8,"[-0.0075, 0.0328, 0.0768, 0.0886, 0.4695, 0.947]","[-0.0107, -0.0163, -0.0075]"
1760021495472,BTC_USDT,121231.4,-0.0074,121231.4,121285.0,399322668,4894886142.12392,133413.5,109156.5,120678.7,124149,121231.3,121231.4,100069932,-908.7,3.9e-05,UTC+8,"[-0.0074, 0.0329, 0.0769, 0.0887, 0.4697, 0.9471]","[-0.0106, -0.0162, -0.0074]"
1760021499508,BTC_USDT,121231.4,-0.0074,121231.4,121291.3,399432233,4896214413.68505,133420.4,109162.1,120678.7,124149,121231.3,121231.4,99866022,-908.7,3.9e-05,UTC+8,"[-0.0074, 0.0329, 0.0769, 0.0887, 0.4697, 0.9471]","[-0.0106, -0.0162, -0.0074]"
1760021501528,BTC_USDT,121231.4,-0.0074,121231.4,121291.3,399498062,4897012467.39573,133420.4,109162.1,120678.7,124149,121231.3,121231.4,99903772,-908.7,3.9e-05,UTC+8,"[-0.0074, 0.0329, 0.0769, 0.0887, 0.4697, 0.9471]","[-0.0106, -0.0162, -0.0074]"
1760021503508,BTC_USDT,121231.4,-0.0074,121231.4,121291.4,399559806,4897760998.26863,133420.5,109162.2,120678.7,124149,121231.3,121231.4,99968364,-908.7,3.9e-05,UTC+8,"[-0.0074, 0.0329, 0.0769, 0.0887, 0.4697, 0.9471]","[-0.0106, -0.0162, -0.0074]"
1760021505498,BTC_USDT,121239.9,-0.0073,121231.4,121292.0,399626320,4898567394.2986,133421.2,109162.8,120678.7,124149,121239.8,121239.9,100059036,-900.2,3.9e-05,UTC+8,"[-0.0073, 0.033, 0.0769, 0.0888, 0.4698, 0.9473]","[-0.0106, -0.0162, -0.0073]"
1760021507514,BTC_USDT,121205.3,-0.0076,121205.4,121265.7,399654003,4898903009.23394,133392.2,109139.1,120678.7,124149,121200,121200.1,100061610,-934.8,3.9e-05,UTC+8,"[-0.0076, 0.0327, 0.0766, 0.0885, 0.4693, 0.9467]","[-0.0108, -0.0164, -0.0076]"
