timestamp,symbol,lastPrice,riseFallRate,fairPrice,indexPrice,volume24,amount24,maxBidPrice,minAskPrice,lower24Price,high24Price,bid1,ask1,holdVol,riseFallValue,fundingRate,zone,riseFallRates,riseFallRatesOfTimezone
1760019998555,BTC_USDT,121649.1,-0.004,121649,121715.4,376271437,4615479573.62448,133886.9,109543.8,121081.5,124149,121649,121649.1,102546143,-491.0,5.1e-05,UTC+8,"[-0.004, 0.0364, 0.0806, 0.0925, 0.4747, 0.9538]","[-0.0072, -0.0128, -0.004]"
1760020000553,BTC_USDT,121661.6,-0.0039,121649.7,121719.1,376285590,4615651743.47211,133891.0,109547.1,121081.5,124149,121661.6,121661.7,102547485,-478.5,5.1e-05,UTC+8,"[-0.0039, 0.0366, 0.0807, 0.0926, 0.4749, 0.954]","[-0.0071, -0.0127, -0.0039]"
1760020002545,BTC_USDT,121662.3,-0.0039,121661.7,121727.3,376305259,4615891039.71456,133900.0,109554.5,121081.5,124149,121667.7,121667.8,102429037,-477.8,5.1e-05,UTC+8,"[-0.0039, 0.0366, 0.0807, 0.0926, 0.4749, 0.9541]","[-0.0071, -0.0127, -0.0039]"
1760020006493,BTC_USDT,121681.5,-0.0037,121681.8,121751.2,376321309,4616086327.33961,133926.3,109576.0,121081.5,124149,121672.8,121675.0,102438224,-458.6,5.1e-05,UTC+8,"[-0.0037, 0.0367, 0.0809, 0.0927, 0.4751, 0.9544]","[-0.007, -0.0126, -0.0037]"
1760020008581,BTC_USDT,121679.3,-0.0037,121676.7,121744.1,376361829,4616579353.06108,133918.5,109569.6,121081.5,124149,121679.3,121679.4,102447300,-460.8,5.1e-05,UTC+8,"[-0.0037, 0.0367, 0.0808, 0.0927, 0.4751, 0.9543]","[-0.007, -0.0126, -0.0037]"
1760020010505,BTC_USDT,121679.3,-0.0037,121679.3,121744.4,376363564,4616600464.42402,133918.8,109569.9,121081.5,124149,121679.3,121679.4,102448382,-460.8,5.1e-05,UTC+8,"[-0.0037, 0.0367, 0.0808, 0.0927, 0.4751, 0.9543]","[-0.007, -0.0126, -0.0037]"
1760020012591,BTC_USDT,121681.2,-0.0037,121679.4,121744.4,376399878,4617042335.40566,133918.8,109569.9,121081.5,124149,121681.1,121681.2,102491778,-458.9,5.1e-05,UTC+8,"[-0.0037, 0.0367, 0.0809, 0.0927, 0.4751, 0.9544]","[-0.007, -0.0126, -0.0037]"
1760020014564,BTC_USDT,121708.8,-0.0035,121697.5,121766.5,376428887,4617395356.117,133943.1,109589.8,121081.5,124149,121708.7,121708.8,102495502,-431.3,5.1e-05,UTC+8,"[-0.0035, 0.037, 0.0811, 0.093, 0.4754, 0.9548]","[-0.0067, -0.0124, -0.0035]"
1760020018497,BTC_USDT,121700.1,-0.0036,121701.2,121769.4,376491399,4618156170.2816,133946.3,109592.4,121081.5,124149,121700,121700.1,102592379,-440.0,5.1e-05,UTC+8,"[-0.0036, 0.0369, 0.081, 0.0929, 0.4753, 0.9547]","[-0.0068, -0.0124, -0.0036]"
1760020020499,BTC_USDT,121708.8,-0.0035,121708.7,121770.2,376500872,4618271458.49784,133947.2,109593.1,121081.5,124149,121708.7,121708.8,102593087,-431.3,5.1e-05,UTC+8,"[-0.0035, 0.037, 0.0811, 0.093, 0.4754, 0.9548]","[-0.0067, -0.0124, -0.0035]"
1760020022512,BTC_USDT,121686.2,-0.0037,121689.8,121759.3,376508340,4618362339.52777,133935.2,109583.3,121081.5,124149,121686.2,121686.3,102600594,-453.9,5.1e-05,UTC+8,"[-0.0037, 0.0368, 0.0809, 0.0928, 0.4752, 0.9544]","[-0.0069, -0.0125, -0.0037]"
1760020024592,BTC_USDT,121686.1,-0.0037,121686.5,121756.1,376514703,4618439768.41283,133931.7,109580.4,121081.5,124149,121686.1,121686.2,102602201,-454.0,5.1e-05,UTC+8,"[-0.0037, 0.0368, 0.0809, 0.0928, 0.4752, 0.9544]","[-0.0069, -0.0125, -0.0037]"
1760020026590,BTC_USDT,121695.4,-0.0036,121694.3,121758.9,376529975,4618625615.3047,133934.7,109583.0,121081.5,124149,121695.4,121695.5,102616325,-444.7,5.1e-05,UTC+8,"[-0.0036, 0.0368, 0.081, 0.0929, 0.4753, 0.9546]","[-0.0068, -0.0125, -0.0036]"
1760020030555,BTC_USDT,121704.0,-0.0035,121708.7,121778.2,376542009,4618772071.27073,133956.0,109600.3,121081.5,124149,121703.9,121704.0,102424379,-436.1,5.1e-05,UTC+8,"[-0.0035, 0.0369, 0.0811, 0.0929, 0.4754, 0.9547]","[-0.0068, -0.0124, -0.0035]"
1760020032611,BTC_USDT,121715.4,-0.0034,121710.1,121779.6,376553529,4618912274.46545,133957.5,109601.6,121081.5,124149,121715.3,121715.4,102439428,-424.7,5.1e-05,UTC+8,"[-0.0034, 0.037, 0.0812, 0.0931, 0.4755, 0.9549]","[-0.0067, -0.0123, -0.0034]"
1760020034536,BTC_USDT,121706.4,-0.0035,121713.8,121780.5,376608210,4619577835.52461,133958.5,109602.4,121081.5,124149,121706.3,121706.4,102442708,-433.7,5.1e-05,UTC+8,"[-0.0035, 0.0369, 0.0811, 0.093, 0.4754, 0.9548]","[-0.0068, -0.0124, -0.0035]"
1760020036507,BTC_USDT,121709.7,-0.0035,121710.3,121779.7,376619348,4619713395.24024,133957.6,109601.7,121081.5,124149,121709.6,121709.7,102452311,-430.4,5.1e-05,UTC+8,"[-0.0035, 0.037, 0.0811, 0.093, 0.4755, 0.9548]","[-0.0067, -0.0123, -0.0035]"
1760020038496,BTC_USDT,121719.0,-0.0034,121723,121792.4,376628345,4619822901.93201,133971.6,109613.1,121081.5,124149,121719,121719.1,102453439,-421.1,5.1e-05,UTC+8,"[-0.0034, 0.037, 0.0812, 0.0931, 0.4756, 0.955]","[-0.0067, -0.0123, -0.0034]"
1760020042539,BTC_USDT,121718.4,-0.0034,121718.4,121783.5,376657083,4620172690.98271,133961.8,109605.1,121081.5,124149,121718.3,121718.4,102463328,-421.7,5.1e-05,UTC+8,"[-0.0034, 0.037, 0.0812, 0.0931, 0.4756, 0.955]","[-0.0067, -0.0123, -0.0034]"
1760020044500,BTC_USDT,121719.3,-0.0034,121718.3,121783.8,376672818,4620364214.8163,133962.1,109605.4,121081.5,124149,121721.6,121721.7,102474735,-420.8,5.1e-05,UTC+8,"[-0.0034, 0.037, 0.0812, 0.0931, 0.4756, 0.955]","[-0.0066, -0.0123, -0.0034]"
1760020046535,BTC_USDT,121725.7,-0.0033,121721.7,121786.0,376701848,4620717584.48317,133964.6,109607.4,121081.5,124149,121721.6,121721.7,102479292,-414.4,5.1e-05,UTC+8,"[-0.0033, 0.0371, 0.0812, 0.0931, 0.4757, 0.9551]","[-0.0066, -0.0122, -0.0033]"
1760020048530,BTC_USDT,121709.8,-0.0035,121718.4,121785.5,376712134,4620842785.47951,133964.0,109606.9,121081.5,124149,121709.7,121709.8,102482238,-430.3,5.1e-05,UTC+8,"[-0.0035, 0.037, 0.0811, 0.093, 0.4755, 0.9548]","[-0.0067, -0.0123, -0.0035]"
1760020052552,BTC_USDT,121709.8,-0.0035,121713.5,121782.9,376752630,4621335661.35899,133961.1,109604.6,121081.5,124149,121709.7,121709.8,102396275,-430.3,5.1e-05,UTC+8,"[-0.0035, 0.037, 0.0811, 0.093, 0.4755, 0.9548]","[-0.0067, -0.0123, -0.0035]"
1760020054543,BTC_USDT,121719.6,-0.0034,121715.6,121785.0,376755539,4621371067.48844,133963.5,109606.5,121081.5,124149,121719.5,121722.9,102397638,-420.5,5.1e-05,UTC+8,"[-0.0034, 0.037, 0.0812, 0.0931, 0.4756, 0.955]","[-0.0066, -0.0123, -0.0034]"
1760020056637,BTC_USDT,121725.7,-0.0033,121725.7,121786.2,376760185,4621427621.22308,133964.8,109607.5,121081.5,124149,121725.6,121725.7,102414396,-414.4,5.1e-05,UTC+8,"[-0.0033, 0.0371, 0.0812, 0.0931, 0.4757, 0.9551]","[-0.0066, -0.0122, -0.0033]"
1760020058511,BTC_USDT,121725.6,-0.0033,121725.7,121786.2,376791089,4621803802.17824,133964.8,109607.5,121081.5,124149,121725.6,121725.7,102421118,-414.5,5.1e-05,UTC+8,"[-0.0033, 0.0371, 0.0812, 0.0931, 0.4756, 0.9551]","[-0.0066, -0.0122, -0.0033]"
1760020060514,BTC_USDT,121676.6,-0.0037,121678.3,121747.6,376807627,4622005052.50532,133922.3,109572.8,121081.5,124149,121676.5,121676.6,102447624,-463.5,5.1e-05,UTC+8,"[-0.0037, 0.0367, 0.0808, 0.0927, 0.4751, 0.9543]","[-0.007, -0.0126, -0.0037]"
1760020064558,BTC_USDT,121652.3,-0.0039,121656.9,121726.2,376833552,4622320459.29975,133898.8,109553.5,121081.5,124149,121661.6,121661.7,102455908,-487.8,5.1e-05,UTC+8,"[-0.0039, 0.0365, 0.0806, 0.0925, 0.4748, 0.9539]","[-0.0072, -0.0128, -0.0039]"
1760020066533,BTC_USDT,121664.6,-0.0038,121664.6,121726.6,376848487,4622502164.71985,133899.2,109553.9,121081.5,124149,121664.6,121664.7,102459798,-475.5,5.1e-05,UTC+8,"[-0.0038, 0.0366, 0.0807, 0.0926, 0.4749, 0.9541]","[-0.0071, -0.0127, -0.0038]"
1760020068565,BTC_USDT,121657.4,-0.0039,121664.7,121727.2,376859312,4622633864.72522,133899.9,109554.4,121081.5,124149,121657.4,121657.5,102473479,-482.7,5.1e-05,UTC+8,"[-0.0039, 0.0365, 0.0806, 0.0925, 0.4748, 0.954]","[-0.0072, -0.0128, -0.0039]"
1760020070507,BTC_USDT,121607.6,-0.0043,121618.9,121687.5,376883235,4622924858.91083,133856.2,109518.7,121081.5,124149,121607.5,121607.6,102492444,-532.5,5.1e-05,UTC+8,"[-0.0043, 0.0361, 0.0802, 0.0921, 0.4742, 0.9532]","[-0.0076, -0.0132, -0.0043]"
1760020074565,BTC_USDT,121615.1,-0.0042,121614.7,121684.2,377004826,4624403497.70509,133852.6,109515.7,121081.5,124149,121615.1,121615.2,102262933,-525.0,5.1e-05,UTC+8,"[-0.0042, 0.0362, 0.0803, 0.0921, 0.4743, 0.9533]","[-0.0075, -0.0131, -0.0042]"
1760020076535,BTC_USDT,121615.1,-0.0042,121615.1,121684.1,377020533,4624594518.61925,133852.5,109515.6,121081.5,124149,121615.1,121615.2,102274023,-525.0,5.1e-05,UTC+8,"[-0.0042, 0.0362, 0.0803, 0.0921, 0.4743, 0.9533]","[-0.0075, -0.0131, -0.0042]"
1760020078544,BTC_USDT,121597.6,-0.0044,121602,121660.6,377025323,4624652768.91104,133826.6,109494.5,121081.5,124149,121597.6,121597.7,102275907,-542.5,5.1e-05,UTC+8,"[-0.0044, 0.036, 0.0801, 0.092, 0.4741, 0.953]","[-0.0076, -0.0133, -0.0044]"
1760020080615,BTC_USDT,121585.2,-0.0045,121597.7,121658.6,377038391,4624811672.09453,133824.4,109492.7,121081.5,124149,121585.1,121585.2,102287553,-554.9,5.1e-05,UTC+8,"[-0.0045, 0.0359, 0.08, 0.0919, 0.4739, 0.9528]","[-0.0077, -0.0134, -0.0045]"
1760020082610,BTC_USDT,121585.1,-0.0045,121588.7,121658.3,377043926,4624878969.468,133824.1,109492.4,121081.5,124149,121585.1,121585.2,102287875,-555.0,5.1e-05,UTC+8,"[-0.0045, 0.0359, 0.08, 0.0919, 0.4739, 0.9528]","[-0.0077, -0.0134, -0.0045]"
1760020086544,BTC_USDT,121567.3,-0.0046,121587.5,121657.1,377182758,4626566954.0838,133822.8,109491.3,121081.5,124149,121565.3,121565.4,102323495,-572.8,5.1e-05,UTC+8,"[-0.0046, 0.0357, 0.0798, 0.0917, 0.4737, 0.9525]","[-0.0079, -0.0135, -0.0046]"
1760020088591,BTC_USDT,121586.4,-0.0045,121565.5,121638.7,377193717,4626700183.50859,133802.5,109474.8,121081.5,124149,121586.3,121586.4,102324629,-553.7,5.1e-05,UTC+8,"[-0.0045, 0.0359, 0.08, 0.0919, 0.474, 0.9528]","[-0.0077, -0.0133, -0.0045]"
1760020090537,BTC_USDT,121587.4,-0.0045,121587,121656.6,377202320,4626804784.68433,133822.2,109490.9,121081.5,124149,121587.4,121587.5,102333142,-552.7,5.1e-05,UTC+8,"[-0.0045, 0.0359, 0.08, 0.0919, 0.474, 0.9529]","[-0.0077, -0.0133, -0.0045]"
1760020092492,BTC_USDT,121593.5,-0.0044,121587.5,121656.7,377244664,4627319634.86181,133822.3,109491.0,121081.5,124149,121593.4,121593.5,102335608,-546.6,5.1e-05,UTC+8,"[-0.0044, 0.036, 0.0801, 0.092, 0.474, 0.953]","[-0.0077, -0.0133, -0.0044]"
1760020096502,BTC_USDT,121593.4,-0.0044,121593.5,121661.3,377256772,4627466860.19302,133827.4,109495.1,121081.5,124149,121593.4,121593.5,102277305,-546.7,5.1e-05,UTC+8,"[-0.0044, 0.036, 0.0801, 0.092, 0.474, 0.953]","[-0.0077, -0.0133, -0.0044]"
1760020098532,BTC_USDT,121593.5,-0.0044,121593.4,121661.4,377259750,4627503070.72155,133827.5,109495.2,121081.5,124149,121593.4,121593.5,102277992,-546.6,5.1e-05,UTC+8,"[-0.0044, 0.036, 0.0801, 0.092, 0.474, 0.953]","[-0.0077, -0.0133, -0.0044]"
1760020100502,BTC_USDT,121621.0,-0.0042,121614.9,121681.9,377262131,4627532024.20803,133850.0,109513.7,121081.5,124149,121629,121630.8,102278799,-519.1,5.1e-05,UTC+8,"[-0.0042, 0.0362, 0.0803, 0.0922, 0.4744, 0.9534]","[-0.0075, -0.0131, -0.0042]"
1760020102559,BTC_USDT,121612.2,-0.0043,121628.2,121689.8,377265816,4627576844.45576,133858.7,109520.8,121081.5,124149,121600.8,121600.9,102283937,-527.9,5.1e-05,UTC+8,"[-0.0043, 0.0361, 0.0802, 0.0921, 0.4743, 0.9533]","[-0.0075, -0.0131, -0.0043]"
1760020104484,BTC_USDT,121600.8,-0.0044,121604.3,121674.4,377269695,4627624013.41807,133841.8,109506.9,121081.5,124149,121600.8,121600.9,102285640,-539.3,5.1e-05,UTC+8,"[-0.0044, 0.036, 0.0801, 0.092, 0.4741, 0.9531]","[-0.0076, -0.0132, -0.0044]"
1760020108533,BTC_USDT,121620.0,-0.0042,121624.6,121694.5,377285740,4627819120.24656,133863.9,109525.0,121081.5,124149,121619.9,121620.0,102290920,-520.1,5.1e-05,UTC+8,"[-0.0042, 0.0362, 0.0803, 0.0922, 0.4744, 0.9534]","[-0.0075, -0.0131, -0.0042]"
1760020110556,BTC_USDT,121622.3,-0.0042,121634.4,121698.6,377290130,4627872511.80008,133868.4,109528.7,121081.5,124149,121622.3,121622.4,102290947,-517.8,5.1e-05,UTC+8,"[-0.0042, 0.0362, 0.0803, 0.0922, 0.4744, 0.9534]","[-0.0074, -0.0131, -0.0042]"
1760020112516,BTC_USDT,121641.7,-0.004,121628.9,121698.9,377297264,4627959277.34355,133868.7,109529.0,121081.5,124149,121641.7,121641.8,102292871,-498.4,5.1e-05,UTC+8,"[-0.004, 0.0364, 0.0805, 0.0924, 0.4746, 0.9537]","[-0.0073, -0.0129, -0.004]"
1760020114510,BTC_USDT,121641.7,-0.004,121641.7,121706.9,377312552,4628145243.24942,133877.5,109536.2,121081.5,124149,121641.7,121641.8,102306777,-498.4,5.1e-05,UTC+8,"[-0.004, 0.0364, 0.0805, 0.0924, 0.4746, 0.9537]","[-0.0073, -0.0129, -0.004]"
1760020116535,BTC_USDT,121653.5,-0.0039,121652.5,121719.5,377318443,4628216908.0483,133891.4,109547.5,121081.5,124149,121653.4,121653.5,102308593,-486.6,5.1e-05,UTC+8,"[-0.0039, 0.0365, 0.0806, 0.0925, 0.4748, 0.9539]","[-0.0072, -0.0128, -0.0039]"
1760020120507,BTC_USDT,121653.8,-0.0039,121653.7,121719.7,377331652,4628377600.43697,133891.6,109547.7,121081.5,124149,121653.7,121653.8,102316907,-486.3,5.1e-05,UTC+8,"[-0.0039, 0.0365, 0.0806, 0.0925, 0.4748, 0.9539]","[-0.0072, -0.0128, -0.0039]"
1760020122565,BTC_USDT,121653.8,-0.0039,121653.8,121719.8,377333862,4628404485.91359,133891.7,109547.8,121081.5,124149,121653.7,121653.8,102250121,-486.3,5.1e-05,UTC+8,"[-0.0039, 0.0365, 0.0806, 0.0925, 0.4748, 0.9539]","[-0.0072, -0.0128, -0.0039]"
1760020124549,BTC_USDT,121640.0,-0.004,121645.6,121715.5,377339622,4628474553.68571,133887.0,109543.9,121081.5,124149,121640,121640.1,102252891,-500.1,5.1e-05,UTC+8,"[-0.004, 0.0364, 0.0805, 0.0924, 0.4746, 0.9537]","[-0.0073, -0.0129, -0.004]"
1760020126531,BTC_USDT,121640.0,-0.004,121640.1,121708.1,377340727,4628487994.91563,133878.9,109537.2,121081.5,124149,121629.5,121629.6,102253254,-500.1,5.1e-05,UTC+8,"[-0.004, 0.0364, 0.0805, 0.0924, 0.4746, 0.9537]","[-0.0073, -0.0129, -0.004]"
1760020130518,BTC_USDT,121612.8,-0.0043,121612.9,121680.3,377344887,4628538587.68761,133848.3,109512.2,121081.5,124149,121612.8,121612.9,102253496,-527.3,5.1e-05,UTC+8,"[-0.0043, 0.0361, 0.0802, 0.0921, 0.4743, 0.9533]","[-0.0075, -0.0131, -0.0043]"
1760020132559,BTC_USDT,121629.0,-0.0041,121612.9,121680.3,377345408,4628544923.73078,133848.3,109512.2,121081.5,124149,121628.9,121629.0,102253609,-511.1,5.1e-05,UTC+8,"[-0.0041, 0.0363, 0.0804, 0.0923, 0.4745, 0.9535]","[-0.0074, -0.013, -0.0041]"
1760020134550,BTC_USDT,121622.6,-0.0042,121628.9,121693.2,377346517,4628558411.68607,133862.5,109523.8,121081.5,124149,121622.5,121622.6,102255430,-517.5,5.1e-05,UTC+8,"[-0.0042, 0.0362, 0.0803, 0.0922, 0.4744, 0.9534]","[-0.0074, -0.0131, -0.0042]"
1760020136547,BTC_USDT,121617.4,-0.0042,121621.7,121691.8,377346784,4628561658.99217,133860.9,109522.6,121081.5,124149,121617.4,121617.5,102255482,-522.7,5.1e-05,UTC+8,"[-0.0042, 0.0362, 0.0803, 0.0922, 0.4743, 0.9533]","[-0.0075, -0.0131, -0.0042]"
1760020140586,BTC_USDT,121629.4,-0.0041,121644.9,121694.7,377355378,4628666180.35971,133864.1,109525.2,121081.5,124149,121647.5,121647.6,102262526,-510.7,5e-05,UTC+8,"[-0.0041, 0.0363, 0.0804, 0.0923, 0.4745, 0.9535]","[-0.0074, -0.013, -0.0041]"
1760020142537,BTC_USDT,121612.8,-0.0043,121619.2,121689.6,377358938,4628709482.02976,133858.5,109520.6,121081.5,124149,121612.8,121612.9,102262769,-527.3,5e-05,UTC+8,"[-0.0043, 0.0361, 0.0802, 0.0921, 0.4743, 0.9533]","[-0.0075, -0.0131, -0.0043]"
1760020144571,BTC_USDT,121612.8,-0.0043,121618,121688.5,377360783,4628731919.59331,133857.3,109519.6,121081.5,124149,121612.8,121612.9,102263643,-527.3,5e-05,UTC+8,"[-0.0043, 0.0361, 0.0802, 0.0921, 0.4743, 0.9533]","[-0.0075, -0.0131, -0.0043]"
1760020146556,BTC_USDT,121612.8,-0.0043,121617.9,121688.3,377366476,4628801153.76176,133857.1,109519.4,121081.5,124149,121612.8,121612.9,102239608,-527.3,5e-05,UTC+8,"[-0.0043, 0.0361, 0.0802, 0.0921, 0.4743, 0.9533]","[-0.0075, -0.0131, -0.0043]"
1760020148496,BTC_USDT,121612.9,-0.0043,121617.8,121688.3,377366596,4628802613.11624,133857.1,109519.4,121081.5,124149,121612.8,121612.9,102239617,-527.2,5e-05,UTC+8,"[-0.0043, 0.0361, 0.0802, 0.0921, 0.4743, 0.9533]","[-0.0075, -0.0131, -0.0043]"
1760020152574,BTC_USDT,121619.9,-0.0042,121603.5,121674.0,377448868,4629803109.68173,133841.4,109506.6,121081.5,124149,121619.9,121620.0,102349661,-520.2,5e-05,UTC+8,"[-0.0042, 0.0362, 0.0803, 0.0922, 0.4744, 0.9534]","[-0.0075, -0.0131, -0.0042]"
1760020154557,BTC_USDT,121600.9,-0.0044,121603.1,121673.5,377458356,4629918485.06669,133840.8,109506.1,121081.5,124149,121600.8,121600.9,102362328,-539.2,5e-05,UTC+8,"[-0.0044, 0.036, 0.0801, 0.092, 0.4741, 0.9531]","[-0.0076, -0.0132, -0.0044]"
1760020156547,BTC_USDT,121600.0,-0.0044,121603.2,121673.2,377462574,4629969776.25929,133840.5,109505.8,121081.5,124149,121594.5,121594.6,102364848,-540.1,5e-05,UTC+8,"[-0.0044, 0.036, 0.0801, 0.092, 0.4741, 0.9531]","[-0.0076, -0.0132, -0.0044]"
1760020158558,BTC_USDT,121594.0,-0.0044,121599.9,121670.1,377471256,4630075344.67134,133837.1,109503.0,121081.5,124149,121590,121592.7,102376247,-546.1,5e-05,UTC+8,"[-0.0044, 0.036, 0.0801, 0.092, 0.4741, 0.953]","[-0.0077, -0.0133, -0.0044]"
1760020162544,BTC_USDT,121561.5,-0.0047,121572.6,121642.5,377530524,4630795954.19272,133806.7,109478.2,121081.5,124149,121560,121560.1,102387261,-578.6,5e-05,UTC+8,"[-0.0047, 0.0357, 0.0798, 0.0917, 0.4737, 0.9524]","[-0.0079, -0.0135, -0.0047]"
1760020164518,BTC_USDT,121550.1,-0.0048,121554.7,121624.9,377549156,4631022434.73929,133787.3,109462.4,121081.5,124149,121550,121550.1,102407037,-590.0,5e-05,UTC+8,"[-0.0048, 0.0356, 0.0797, 0.0916, 0.4735, 0.9523]","[-0.008, -0.0136, -0.0048]"
1760020166487,BTC_USDT,121549.7,-0.0048,121554.6,121624.8,377552169,4631059057.735,133787.2,109462.3,121081.5,124149,121549.9,121550.0,102410517,-590.4,5e-05,UTC+8,"[-0.0048, 0.0356, 0.0797, 0.0916, 0.4735, 0.9522]","[-0.008, -0.0136, -0.0048]"
1760020168559,BTC_USDT,121542.4,-0.0048,121542.4,121611.5,377601383,4631657238.06873,133772.6,109450.3,121081.5,124149,121542.3,121542.4,102182969,-597.7,5e-05,UTC+8,"[-0.0048, 0.0355, 0.0796, 0.0915, 0.4734, 0.9521]","[-0.0081, -0.0137, -0.0048]"
1760020170523,BTC_USDT,121561.9,-0.0047,121550.9,121621.1,377605215,4631703813.75207,133783.2,109458.9,121081.5,124149,121561.9,121562.0,102183165,-578.2,5e-05,UTC+8,"[-0.0047, 0.0357, 0.0798, 0.0917, 0.4737, 0.9524]","[-0.0079, -0.0135, -0.0047]"
1760020174549,BTC_USDT,121548.9,-0.0048,121551.2,121621.4,377635057,4632066545.89444,133783.5,109459.2,121081.5,124149,121548.8,121548.9,102196317,-591.2,5e-05,UTC+8,"[-0.0048, 0.0356, 0.0797, 0.0916, 0.4735, 0.9522]","[-0.008, -0.0137, -0.0048]"
1760020176497,BTC_USDT,121562.4,-0.0047,121562.5,121624.1,377639254,4632117559.98549,133786.5,109461.6,121081.5,124149,121562.4,121562.5,102196317,-577.7,5e-05,UTC+8,"[-0.0047, 0.0357, 0.0798, 0.0917, 0.4737, 0.9525]","[-0.0079, -0.0135, -0.0047]"
1760020178520,BTC_USDT,121562.5,-0.0047,121562.4,121624.3,377647040,4632212208.51555,133786.7,109461.8,121081.5,124149,121562.4,121562.5,102204786,-577.6,5e-05,UTC+8,"[-0.0047, 0.0357, 0.0798, 0.0917, 0.4737, 0.9525]","[-0.0079, -0.0135, -0.0047]"
1760020180542,BTC_USDT,121561.3,-0.0047,121562.4,121622.6,377656543,4632327729.27477,133784.8,109460.3,121081.5,124149,121557.2,121557.3,102208663,-578.8,5e-05,UTC+8,"[-0.0047, 0.0357, 0.0798, 0.0917, 0.4737, 0.9524]","[-0.0079, -0.0136, -0.0047]"
1760020184468,BTC_USDT,121571.6,-0.0046,121562.4,121631.1,377663551,4632412919.0793,133794.2,109467.9,121081.5,124149,121571.6,121571.7,102212455,-568.5,5e-05,UTC+8,"[-0.0046, 0.0358, 0.0799, 0.0918, 0.4738, 0.9526]","[-0.0079, -0.0135, -0.0046]"
1760020186502,BTC_USDT,121582.7,-0.0045,121582.7,121639.5,377686331,4632689884.1583,133803.4,109475.5,121081.5,124149,121582.6,121582.7,102212966,-557.4,5e-05,UTC+8,"[-0.0045, 0.0359, 0.08, 0.0919, 0.4739, 0.9528]","[-0.0078, -0.0134, -0.0045]"
1760020188496,BTC_USDT,121594.9,-0.0044,121587.5,121657.6,377713265,4633017361.40564,133823.3,109491.8,121081.5,124149,121594.9,121595.0,102216626,-545.2,5e-05,UTC+8,"[-0.0044, 0.036, 0.0801, 0.092, 0.4741, 0.953]","[-0.0077, -0.0133, -0.0044]"
1760020190488,BTC_USDT,121601.5,-0.0044,121601.5,121665.3,377727006,4633184446.85965,133831.8,109498.7,121081.5,124149,121601.5,121601.6,102220677,-538.6,5e-05,UTC+8,"[-0.0044, 0.036, 0.0801, 0.092, 0.4741, 0.9531]","[-0.0076, -0.0132, -0.0044]"
1760020192546,BTC_USDT,121613.7,-0.0043,121617.7,121687.7,377727989,4633196401.13756,133856.4,109518.9,121081.5,124149,121613.6,121613.7,102221042,-526.4,5e-05,UTC+8,"[-0.0043, 0.0361, 0.0803, 0.0921, 0.4743, 0.9533]","[-0.0075, -0.0131, -0.0043]"
1760020196496,BTC_USDT,121629.5,-0.0041,121628.9,121691.5,377736458,4633299403.1482,133860.6,109522.3,121081.5,124149,121629.4,121629.5,102099673,-510.6,5e-05,UTC+8,"[-0.0041, 0.0363, 0.0804, 0.0923, 0.4745, 0.9535]","[-0.0074, -0.013, -0.0041]"
1760020198544,BTC_USDT,121621.5,-0.0042,121625.7,121695.6,377746559,4633422263.84707,133865.1,109526.0,121081.5,124149,121621.5,121621.6,102104394,-518.6,5e-05,UTC+8,"[-0.0042, 0.0362, 0.0803, 0.0922, 0.4744, 0.9534]","[-0.0074, -0.0131, -0.0042]"
1760020200644,BTC_USDT,121595.0,-0.0044,121621.5,121688.3,377755459,4633530506.34421,133857.1,109519.4,121081.5,124149,121583.6,121583.7,102110925,-545.1,4.9e-05,UTC+8,"[-0.0044, 0.036, 0.0801, 0.092, 0.4741, 0.953]","[-0.0077, -0.0133, -0.0044]"
1760020202538,BTC_USDT,121569.3,-0.0046,121570.1,121640.1,377759541,4633580132.57145,133804.1,109476.0,121081.5,124149,121569.3,121569.4,102111021,-570.8,4.9e-05,UTC+8,"[-0.0046, 0.0358, 0.0799, 0.0917, 0.4738, 0.9526]","[-0.0079, -0.0135, -0.0046]"
1760020204610,BTC_USDT,121563.2,-0.0047,121569.4,121635.5,377784372,4633882000.12548,133799.0,109471.9,121081.5,124149,121563.2,121563.3,102111248,-576.9,4.9e-05,UTC+8,"[-0.0047, 0.0357, 0.0798, 0.0917, 0.4737, 0.9525]","[-0.0079, -0.0135, -0.0047]"
1760020208553,BTC_USDT,121538.2,-0.0049,121538.2,121601.9,377789912,4633949333.67407,133762.0,109441.7,121081.5,124149,121538.2,121538.3,102119663,-601.9,4.9e-05,UTC+8,"[-0.0049, 0.0355, 0.0796, 0.0915, 0.4734, 0.9521]","[-0.0081, -0.0137, -0.0049]"
1760020210591,BTC_USDT,121538.2,-0.0049,121538.2,121600.8,377807215,4634159631.29204,133760.8,109440.7,121081.5,124149,121538.2,121538.3,102120007,-601.9,4.9e-05,UTC+8,"[-0.0049, 0.0355, 0.0796, 0.0915, 0.4734, 0.9521]","[-0.0081, -0.0137, -0.0049]"
1760020212506,BTC_USDT,121510.1,-0.0051,121510.1,121574.2,377810622,4634201031.88408,133731.6,109416.7,121081.5,124149,121510,121510.1,102123436,-630.0,4.9e-05,UTC+8,"[-0.0051, 0.0353, 0.0793, 0.0912, 0.473, 0.9516]","[-0.0084, -0.014, -0.0051]"
1760020214532,BTC_USDT,121504.0,-0.0052,121510.1,121573.0,377817947,4634290037.9932,133730.3,109415.7,121081.5,124149,121504,121504.1,102128008,-636.1,4.9e-05,UTC+8,"[-0.0052, 0.0352, 0.0793, 0.0912, 0.473, 0.9515]","[-0.0084, -0.014, -0.0052]"
1760020218510,BTC_USDT,121470.1,-0.0054,121454.8,121522.1,377967339,4636104881.94468,133674.3,109369.8,121081.5,124149,121470.1,121470.2,102212880,-670.0,4.9e-05,UTC+8,"[-0.0054, 0.0349, 0.079, 0.0908, 0.4726, 0.951]","[-0.0087, -0.0143, -0.0054]"
1760020220483,BTC_USDT,121454.6,-0.0056,121451.1,121518.9,378004311,4636553968.44516,133670.7,109367.0,121081.5,124149,121454.6,121454.7,102213348,-685.5,4.9e-05,UTC+8,"[-0.0056, 0.0348, 0.0788, 0.0907, 0.4724, 0.9507]","[-0.0088, -0.0144, -0.0056]"
1760020222500,BTC_USDT,121451.0,-0.0056,121457.2,121519.3,378039344,4636979468.23045,133671.2,109367.3,121081.5,124149,121450,121450.1,102219669,-689.1,4.9e-05,UTC+8,"[-0.0056, 0.0348, 0.0788, 0.0907, 0.4723, 0.9507]","[-0.0088, -0.0144, -0.0056]"
1760020224487,BTC_USDT,121440.9,-0.0057,121450,121510.1,378135230,4638143997.09219,133661.1,109359.0,121081.5,124149,121440.8,121440.9,102034172,-699.2,4.9e-05,UTC+8,"[-0.0057, 0.0347, 0.0787, 0.0906, 0.4722, 0.9505]","[-0.0089, -0.0145, -0.0057]"
1760020226487,BTC_USDT,121430.3,-0.0058,121434.3,121503.7,378151973,4638347316.47416,133654.0,109353.3,121081.5,124149,121430.2,121430.3,102047673,-709.8,4.9e-05,UTC+8,"[-0.0058, 0.0346, 0.0786, 0.0905, 0.4721, 0.9503]","[-0.009, -0.0146, -0.0058]"
1760020230487,BTC_USDT,121412.2,-0.0059,121412.2,121480.5,378301185,4640158993.41083,133628.5,109332.4,121081.5,124149,121412.1,121412.2,102080953,-727.9,4.9e-05,UTC+8,"[-0.0059, 0.0344, 0.0785, 0.0903, 0.4719, 0.95]","[-0.0092, -0.0148, -0.0059]"
1760020232475,BTC_USDT,121401.1,-0.006,121401,121462.9,378385980,4641188446.00895,133609.1,109316.6,121081.5,124149,121401,121401.1,102096235,-739.0,4.9e-05,UTC+8,"[-0.006, 0.0343, 0.0784, 0.0902, 0.4717, 0.9499]","[-0.0092, -0.0149, -0.006]"
1760020234490,BTC_USDT,121401.0,-0.006,121407.2,121476.5,378444737,4641901785.48024,133624.1,109328.8,121081.5,124149,121400.9,121401.0,102098973,-739.1,4.9e-05,UTC+8,"[-0.006, 0.0343, 0.0784, 0.0902, 0.4717, 0.9499]","[-0.0092, -0.0149, -0.006]"
1760020236513,BTC_USDT,121430.3,-0.0058,121418.2,121487.5,378447430,4641934480.81704,133636.2,109338.7,121081.5,124149,121444.8,121446.6,102100257,-709.8,4.9e-05,UTC+8,"[-0.0058, 0.0346, 0.0786, 0.0905, 0.4721, 0.9503]","[-0.009, -0.0146, -0.0058]"
1760020240467,BTC_USDT,121460.5,-0.0055,121452.9,121522.2,378481123,4642343694.25817,133674.4,109369.9,121081.5,124149,121460.4,121460.5,102114606,-679.6,4.9e-05,UTC+8,"[-0.0055, 0.0348, 0.0789, 0.0908, 0.4724, 0.9508]","[-0.0088, -0.0144, -0.0055]"
1760020242552,BTC_USDT,121470.5,-0.0054,121467.4,121524.9,378507408,4642662971.32422,133677.3,109372.4,121081.5,124149,121470.4,121470.5,102122525,-669.6,4.9e-05,UTC+8,"[-0.0054, 0.0349, 0.079, 0.0909, 0.4726, 0.951]","[-0.0087, -0.0143, -0.0054]"
1760020244523,BTC_USDT,121456.3,-0.0055,121462.5,121528.3,378547879,4643154546.03028,133681.1,109375.4,121081.5,124149,121453.2,121453.3,102131082,-683.8,4.9e-05,UTC+8,"[-0.0055, 0.0348, 0.0789, 0.0907, 0.4724, 0.9507]","[-0.0088, -0.0144, -0.0055]"
1760020246497,BTC_USDT,121435.3,-0.0057,121440.5,121502.6,378567776,4643396176.17155,133652.8,109352.3,121081.5,124149,121426.5,121426.6,102132345,-704.8,4.9e-05,UTC+8,"[-0.0057, 0.0346, 0.0787, 0.0905, 0.4721, 0.9504]","[-0.009, -0.0146, -0.0057]"
1760020248473,BTC_USDT,121413.6,-0.0059,121414.4,121483.7,378607970,4643884188.76622,133632.0,109335.3,121081.5,124149,121413.6,121413.7,102179786,-726.5,4.9e-05,UTC+8,"[-0.0059, 0.0344, 0.0785, 0.0903, 0.4719, 0.9501]","[-0.0091, -0.0147, -0.0059]"
1760020252499,BTC_USDT,121429.0,-0.0058,121429,121496.9,378620954,4644041841.87583,133646.5,109347.2,121081.5,124149,121428.9,121429.0,101927473,-711.1,4.9e-05,UTC+8,"[-0.0058, 0.0346, 0.0786, 0.0905, 0.4721, 0.9503]","[-0.009, -0.0146, -0.0058]"
1760020254515,BTC_USDT,121429.0,-0.0058,121428.9,121493.0,378627241,4644118184.27661,133642.3,109343.7,121081.5,124149,121428.9,121429.0,101930188,-711.1,4.9e-05,UTC+8,"[-0.0058, 0.0346, 0.0786, 0.0905, 0.4721, 0.9503]","[-0.009, -0.0146, -0.0058]"
1760020256486,BTC_USDT,121438.9,-0.0057,121450.9,121520.0,378635239,4644215309.91462,133672.0,109368.0,121081.5,124149,121438.7,121438.8,101936677,-701.2,4.9e-05,UTC+8,"[-0.0057, 0.0347, 0.0787, 0.0906, 0.4722, 0.9505]","[-0.0089, -0.0145, -0.0057]"
1760020258492,BTC_USDT,121439.3,-0.0057,121430.4,121499.7,378637298,4644240313.5867,133649.6,109349.7,121081.5,124149,121444.2,121444.3,101938151,-700.8,4.9e-05,UTC+8,"[-0.0057, 0.0347, 0.0787, 0.0906, 0.4722, 0.9505]","[-0.0089, -0.0145, -0.0057]"
1760020262480,BTC_USDT,121441.2,-0.0057,121441.1,121505.6,378670131,4644639082.32183,133656.1,109355.0,121081.5,124149,121441.1,121441.2,101969844,-698.9,4.9e-05,UTC+8,"[-0.0057, 0.0347, 0.0787, 0.0906, 0.4722, 0.9505]","[-0.0089, -0.0145, -0.0057]"
1760020264564,BTC_USDT,121475.2,-0.0054,121474.5,121538.7,378679943,4644758269.24686,133692.5,109384.8,121081.5,124149,121475.1,121475.2,101982942,-664.9,4.9e-05,UTC+8,"[-0.0054, 0.035, 0.079, 0.0909, 0.4726, 0.9511]","[-0.0086, -0.0142, -0.0054]"
1760020266480,BTC_USDT,121467.1,-0.0055,121479.9,121539.6,378702685,4645034512.55658,133693.5,109385.6,121081.5,124149,121467,121467.1,102012069,-673.0,4.9e-05,UTC+8,"[-0.0055, 0.0349, 0.079, 0.0908, 0.4725, 0.9509]","[-0.0087, -0.0143, -0.0055]"
1760020268501,BTC_USDT,121461.4,-0.0055,121463.2,121532.1,378718433,4645225789.93862,133685.3,109378.8,121081.5,124149,121461.3,121461.4,102020450,-678.7,4.9e-05,UTC+8,"[-0.0055, 0.0348, 0.0789, 0.0908, 0.4724, 0.9508]","[-0.0088, -0.0144, -0.0055]"
1760020270497,BTC_USDT,121461.3,-0.0055,121462.9,121531.7,378742126,4645513568.37679,133684.8,109378.5,121081.5,124149,121450.3,121458.6,102036238,-678.8,4.9e-05,UTC+8,"[-0.0055, 0.0348, 0.0789, 0.0908, 0.4724, 0.9508]","[-0.0088, -0.0144, -0.0055]"
1760020274492,BTC_USDT,121446.9,-0.0056,121464.8,121523.8,378768014,4645827985.19214,133676.1,109371.4,121081.5,124149,121446.8,121446.9,102045982,-693.2,4.9e-05,UTC+8,"[-0.0056, 0.0347, 0.0788, 0.0906, 0.4723, 0.9506]","[-0.0089, -0.0145, -0.0056]"
1760020276481,BTC_USDT,121409.9,-0.0059,121413.6,121482.5,378778487,4645955153.78378,133630.7,109334.2,121081.5,124149,121409.9,121410.0,102058532,-730.2,4.9e-05,UTC+8,"[-0.0059, 0.0344, 0.0784, 0.0903, 0.4718, 0.95]","[-0.0092, -0.0148, -0.0059]"
1760020278484,BTC_USDT,121409.2,-0.0059,121413.6,121482.4,378792634,4646126911.27768,133630.6,109334.1,121081.5,124149,121409.1,121409.2,101935262,-730.9,4.9e-05,UTC+8,"[-0.0059, 0.0344, 0.0784, 0.0903, 0.4718, 0.95]","[-0.0092, -0.0148, -0.0059]"
1760020280488,BTC_USDT,121400.1,-0.006,121405,121473.5,378829010,4646568530.10739,133620.8,109326.1,121081.5,124149,121400,121400.1,101939031,-740.0,4.9e-05,UTC+8,"[-0.006, 0.0343, 0.0784, 0.0902, 0.4717, 0.9498]","[-0.0093, -0.0149, -0.006]"
1760020284483,BTC_USDT,121390.1,-0.0061,121377.2,121445.9,378932362,4647823136.34659,133590.4,109301.3,121081.5,124149,121390.1,121390.2,102024776,-750.0,4.9e-05,UTC+8,"[-0.0061, 0.0342, 0.0783, 0.0901, 0.4716, 0.9497]","[-0.0093, -0.0149, -0.0061]"
1760020286475,BTC_USDT,121375.0,-0.0062,121391.1,121459.7,378964632,4648214853.84352,133605.6,109313.7,121081.5,124149,121375,121375.1,102045100,-765.1,4.9e-05,UTC+8,"[-0.0062, 0.0341, 0.0781, 0.09, 0.4714, 0.9494]","[-0.0095, -0.0151, -0.0062]"
1760020288491,BTC_USDT,121355.0,-0.0064,121360,121428.6,379017116,4648851777.27504,133571.4,109285.7,121081.5,124149,121355,121355.1,102063126,-785.1,4.9e-05,UTC+8,"[-0.0064, 0.0339, 0.078, 0.0898, 0.4712, 0.9491]","[-0.0096, -0.0152, -0.0064]"
1760020290495,BTC_USDT,121375.1,-0.0062,121375.1,121431.1,379023164,4648925178.86603,133574.2,109287.9,121081.5,124149,121375,121375.1,102068586,-765.0,4.9e-05,UTC+8,"[-0.0062, 0.0341, 0.0781, 0.09, 0.4714, 0.9494]","[-0.0095, -0.0151, -0.0062]"
1760020292485,BTC_USDT,121400.1,-0.006,121395.6,121464.1,379029083,4648997021.50855,133610.5,109317.6,121081.5,124149,121410.3,121410.4,102069279,-740.0,4.9e-05,UTC+8,"[-0.006, 0.0343, 0.0784, 0.0902, 0.4717, 0.9498]","[-0.0093, -0.0149, -0.006]"
1760020296490,BTC_USDT,121391.8,-0.0061,121402,121466.9,379097678,4649829782.13983,133613.5,109320.2,121081.5,124149,121391.7,121391.8,102111825,-748.3,4.9e-05,UTC+8,"[-0.0061, 0.0343, 0.0783, 0.0901, 0.4716, 0.9497]","[-0.0093, -0.0149, -0.0061]"
1760020298478,BTC_USDT,121391.8,-0.0061,121395.6,121464.1,379108514,4649961322.24066,133610.5,109317.6,121081.5,124149,121391.7,121391.8,102121194,-748.3,4.9e-05,UTC+8,"[-0.0061, 0.0343, 0.0783, 0.0901, 0.4716, 0.9497]","[-0.0093, -0.0149, -0.0061]"
1760020300499,BTC_USDT,121391.7,-0.0061,121395.7,121464.2,379111018,4649991718.73616,133610.6,109317.7,121081.5,124149,121391.7,121391.8,102122496,-748.4,4.9e-05,UTC+8,"[-0.0061, 0.0343, 0.0783, 0.0901, 0.4716, 0.9497]","[-0.0093, -0.0149, -0.0061]"
1760020302523,BTC_USDT,121368.6,-0.0063,121391.7,121444.4,379125947,4650172939.30705,133588.8,109299.9,121081.5,124149,121368.6,121368.7,101899102,-771.5,4.9e-05,UTC+8,"[-0.0063, 0.0341, 0.0781, 0.0899, 0.4713, 0.9493]","[-0.0095, -0.0151, -0.0063]"
1760020306504,BTC_USDT,121362.6,-0.0063,121368.7,121426.8,379140753,4650352634.74147,133569.4,109284.1,121081.5,124149,121364.8,121364.9,101915238,-777.5,4.9e-05,UTC+8,"[-0.0063, 0.034, 0.078, 0.0899, 0.4712, 0.9492]","[-0.0096, -0.0152, -0.0063]"
1760020308510,BTC_USDT,121365.6,-0.0063,121365.6,121429.1,379147713,4650437104.83184,133572.0,109286.1,121081.5,124149,121368.6,121368.7,101915570,-774.5,4.9e-05,UTC+8,"[-0.0063, 0.034, 0.078, 0.0899, 0.4713, 0.9493]","[-0.0095, -0.0151, -0.0063]"
1760020310488,BTC_USDT,121364.8,-0.0063,121368.7,121429.8,379150330,4650468866.77983,133572.7,109286.8,121081.5,124149,121364.8,121364.9,101915599,-775.3,4.9e-05,UTC+8,"[-0.0063, 0.034, 0.078, 0.0899, 0.4713, 0.9493]","[-0.0095, -0.0151, -0.0063]"
1760020312479,BTC_USDT,121379.9,-0.0062,121370.6,121429.7,379160578,4650593249.14148,133572.6,109286.7,121081.5,124149,121387.6,121387.7,101921828,-760.2,4.9e-05,UTC+8,"[-0.0062, 0.0342, 0.0782, 0.09, 0.4715, 0.9495]","[-0.0094, -0.015, -0.0062]"
1760020314510,BTC_USDT,121391.7,-0.0061,121387.7,121451.3,379168108,4650684654.06972,133596.4,109306.1,121081.5,124149,121400.2,121400.3,101922670,-748.4,4.9e-05,UTC+8,"[-0.0061, 0.0343, 0.0783, 0.0901, 0.4716, 0.9497]","[-0.0093, -0.0149, -0.0061]"
1760020318487,BTC_USDT,121481.7,-0.0053,121475.1,121532.2,379178352,4650809055.66583,133685.4,109378.9,121081.5,124149,121462.3,121462.4,101926946,-658.4,4.9e-05,UTC+8,"[-0.0053, 0.035, 0.0791, 0.091, 0.4727, 0.9512]","[-0.0086, -0.0142, -0.0053]"
1760020320506,BTC_USDT,121467.8,-0.0055,121476.1,121537.4,379276737,4652004142.89923,133691.1,109383.6,121081.5,124149,121467.7,121467.9,101929678,-672.3,4.9e-05,UTC+8,"[-0.0055, 0.0349, 0.079, 0.0908, 0.4725, 0.9509]","[-0.0087, -0.0143, -0.0055]"
1760020322496,BTC_USDT,121478.5,-0.0054,121478.4,121532.8,379366463,4653094021.82114,133686.0,109379.5,121081.5,124149,121478.4,121478.5,101936438,-661.6,4.9e-05,UTC+8,"[-0.0054, 0.035, 0.0791, 0.0909, 0.4727, 0.9511]","[-0.0086, -0.0142, -0.0054]"
1760020324523,BTC_USDT,121452.1,-0.0056,121465.3,121530.6,379381287,4653274085.41153,133683.6,109377.5,121081.5,124149,121449.8,121449.9,101952301,-688.0,4.9e-05,UTC+8,"[-0.0056, 0.0348, 0.0788, 0.0907, 0.4723, 0.9507]","[-0.0088, -0.0144, -0.0056]"
1760020328536,BTC_USDT,121429.6,-0.0058,121436.3,121504.5,379445395,4654052609.18678,133654.9,109354.0,121081.5,124149,121429.6,121429.7,101962566,-710.5,4.9e-05,UTC+8,"[-0.0058, 0.0346, 0.0786, 0.0905, 0.4721, 0.9503]","[-0.009, -0.0146, -0.0058]"
1760020330500,BTC_USDT,121412.2,-0.0059,121431.1,121499.4,379451866,4654131185.98715,133649.3,109349.4,121081.5,124149,121409.7,121409.8,101630220,-727.9,4.9e-05,UTC+8,"[-0.0059, 0.0344, 0.0785, 0.0903, 0.4719, 0.95]","[-0.0092, -0.0148, -0.0059]"
1760020332520,BTC_USDT,121425.1,-0.0058,121422.6,121490.9,379454701,4654165606.22779,133639.9,109341.8,121081.5,124149,121439,121439.1,101634355,-715.0,4.9e-05,UTC+8,"[-0.0058, 0.0345, 0.0786, 0.0904, 0.472, 0.9502]","[-0.0091, -0.0147, -0.0058]"
1760020334566,BTC_USDT,121428.3,-0.0058,121439.1,121495.6,379460619,4654237472.64211,133645.1,109346.0,121081.5,124149,121428.2,121428.3,101635453,-711.8,4.9e-05,UTC+8,"[-0.0058, 0.0346, 0.0786, 0.0905, 0.472, 0.9503]","[-0.009, -0.0146, -0.0058]"
1760020336489,BTC_USDT,121439.1,-0.0057,121428.2,121494.9,379467967,4654326698.10818,133644.3,109345.4,121081.5,124149,121439,121439.1,101638017,-701.0,4.9e-05,UTC+8,"[-0.0057, 0.0347, 0.0787, 0.0906, 0.4722, 0.9505]","[-0.0089, -0.0145, -0.0057]"
1760020340492,BTC_USDT,121442.5,-0.0057,121442.5,121507.7,379597321,4655897793.52168,133658.4,109356.9,121081.5,124149,121442.4,121442.5,101815845,-697.6,4.9e-05,UTC+8,"[-0.0057, 0.0347, 0.0787, 0.0906, 0.4722, 0.9505]","[-0.0089, -0.0145, -0.0057]"
1760020342523,BTC_USDT,121442.4,-0.0057,121442.4,121507.6,379601397,4655947293.4589,133658.3,109356.8,121081.5,124149,121442.4,121442.5,101819558,-697.7,4.9e-05,UTC+8,"[-0.0057, 0.0347, 0.0787, 0.0906, 0.4722, 0.9505]","[-0.0089, -0.0145, -0.0057]"
1760020344490,BTC_USDT,121413.8,-0.0059,121417.3,121485.5,379605789,4656000622.37086,133634.0,109336.9,121081.5,124149,121413.8,121413.9,101822015,-726.3,4.9e-05,UTC+8,"[-0.0059, 0.0344, 0.0785, 0.0903, 0.4719, 0.9501]","[-0.0091, -0.0147, -0.0059]"
1760020346526,BTC_USDT,121413.9,-0.0059,121415.4,121483.6,379608493,4656033452.68081,133631.9,109335.2,121081.5,124149,121413.8,121413.9,101822937,-726.2,4.9e-05,UTC+8,"[-0.0059, 0.0344, 0.0785, 0.0903, 0.4719, 0.9501]","[-0.0091, -0.0147, -0.0059]"
1760020350504,BTC_USDT,121424.4,-0.0058,121432,121494.6,379611822,4656073875.35729,133644.0,109345.1,121081.5,124149,121424.3,121424.4,101826855,-715.7,4.9e-05,UTC+8,"[-0.0058, 0.0345, 0.0786, 0.0904, 0.472, 0.9502]","[-0.0091, -0.0147, -0.0058]"
1760020352508,BTC_USDT,121434.9,-0.0057,121440.7,121494.9,379616310,4656128370.62171,133644.3,109345.4,121081.5,124149,121449.4,121449.5,101802678,-705.2,4.9e-05,UTC+8,"[-0.0057, 0.0346, 0.0787, 0.0905, 0.4721, 0.9504]","[-0.009, -0.0146, -0.0057]"
1760020354507,BTC_USDT,121382.1,-0.0062,121369.3,121436.1,379632665,4656326920.72736,133579.7,109292.4,121081.5,124149,121382,121382.1,101815954,-758.0,4.9e-05,UTC+8,"[-0.0062, 0.0342, 0.0782, 0.0901, 0.4715, 0.9496]","[-0.0094, -0.015, -0.0062]"
1760020356518,BTC_USDT,121380.1,-0.0062,121382.7,121447.2,379646639,4656496540.73945,133591.9,109302.4,121081.5,124149,121380,121380.1,101819287,-760.0,4.9e-05,UTC+8,"[-0.0062, 0.0342, 0.0782, 0.09, 0.4715, 0.9495]","[-0.0094, -0.015, -0.0062]"
1760020358495,BTC_USDT,121380.0,-0.0062,121380,121447.2,379647911,4656511980.28051,133591.9,109302.4,121081.5,124149,121380,121380.1,101820562,-760.1,4.9e-05,UTC+8,"[-0.0062, 0.0342, 0.0782, 0.09, 0.4715, 0.9495]","[-0.0094, -0.015, -0.0062]"
1760020362519,BTC_USDT,121375.2,-0.0062,121378.4,121446.8,379666179,4656733712.13946,133591.4,109302.1,121081.5,124149,121375.1,121375.2,101830835,-764.9,4.9e-05,UTC+8,"[-0.0062, 0.0341, 0.0781, 0.09, 0.4714, 0.9494]","[-0.0095, -0.0151, -0.0062]"
1760020364509,BTC_USDT,121392.4,-0.0061,121380.1,121446.4,379675792,4656850394.24552,133591.0,109301.7,121081.5,124149,121392.4,121392.5,101838130,-747.7,4.9e-05,UTC+8,"[-0.0061, 0.0343, 0.0783, 0.0901, 0.4716, 0.9497]","[-0.0093, -0.0149, -0.0061]"
1760020366565,BTC_USDT,121399.9,-0.006,121400,121465.5,379686201,4656976758.26451,133612.0,109318.9,121081.5,124149,121399.9,121400.0,101852790,-740.2,4.9e-05,UTC+8,"[-0.006, 0.0343, 0.0784, 0.0902, 0.4717, 0.9498]","[-0.0093, -0.0149, -0.006]"
1760020368496,BTC_USDT,121420.0,-0.0058,121417.2,121483.6,379695251,4657086635.43883,133631.9,109335.2,121081.5,124149,121427.1,121427.2,101855140,-720.1,4.9e-05,UTC+8,"[-0.0058, 0.0345, 0.0785, 0.0904, 0.4719, 0.9502]","[-0.0091, -0.0147, -0.0058]"
1760020370544,BTC_USDT,121414.8,-0.0059,121415.6,121483.8,379699066,4657132957.04873,133632.1,109335.4,121081.5,124149,121414.8,121414.9,101857198,-725.3,4.9e-05,UTC+8,"[-0.0059, 0.0344, 0.0785, 0.0904, 0.4719, 0.9501]","[-0.0091, -0.0147, -0.0059]"
1760020374529,BTC_USDT,121399.9,-0.006,121400,121466.1,379724846,4657445932.48628,133612.7,109319.4,121081.5,124149,121399.9,121400.0,101882203,-740.2,4.9e-05,UTC+8,"[-0.006, 0.0343, 0.0784, 0.0902, 0.4717, 0.9498]","[-0.0093, -0.0149, -0.006]"
1760020376485,BTC_USDT,121421.2,-0.0058,121421.1,121474.2,379779300,4658107114.46045,133621.6,109326.7,121081.5,124149,121424.8,121424.9,101794610,-718.9,4.9e-05,UTC+8,"[-0.0058, 0.0345, 0.0785, 0.0904, 0.472, 0.9502]","[-0.0091, -0.0147, -0.0058]"
1760020378539,BTC_USDT,121427.9,-0.0058,121427.9,121493.9,379783598,4658159304.17479,133643.2,109344.5,121081.5,124149,121427.9,121428.0,101796657,-712.2,4.9e-05,UTC+8,"[-0.0058, 0.0346, 0.0786, 0.0905, 0.472, 0.9503]","[-0.009, -0.0146, -0.0058]"
1760020380516,BTC_USDT,121401.4,-0.006,121427.9,121493.2,379793787,4658283022.97052,133642.5,109343.8,121081.5,124149,121401.3,121401.4,101810307,-738.7,4.9e-05,UTC+8,"[-0.006, 0.0343, 0.0784, 0.0902, 0.4717, 0.9499]","[-0.0092, -0.0148, -0.006]"
1760020384541,BTC_USDT,121432.8,-0.0057,121429.3,121497.3,379842032,4658868833.57974,133647.0,109347.5,121081.5,124149,121437.6,121437.7,101842914,-707.3,4.8e-05,UTC+8,"[-0.0057, 0.0346, 0.0786, 0.0905, 0.4721, 0.9504]","[-0.009, -0.0146, -0.0057]"
1760020386480,BTC_USDT,121436.6,-0.0057,121437.6,121496.8,379848667,4658949407.39931,133646.4,109347.1,121081.5,124149,121432.9,121435.1,101852564,-703.5,4.8e-05,UTC+8,"[-0.0057, 0.0346, 0.0787, 0.0905, 0.4721, 0.9504]","[-0.009, -0.0146, -0.0057]"
1760020388491,BTC_USDT,121428.4,-0.0058,121428.4,121495.9,379888474,4659432779.35802,133645.4,109346.3,121081.5,124149,121428.3,121428.4,101860323,-711.7,4.8e-05,UTC+8,"[-0.0058, 0.0346, 0.0786, 0.0905, 0.472, 0.9503]","[-0.009, -0.0146, -0.0058]"
1760020390540,BTC_USDT,121428.4,-0.0058,121428.4,121495.8,379913920,4659741765.82015,133645.3,109346.2,121081.5,124149,121428.3,121428.4,101894278,-711.7,4.8e-05,UTC+8,"[-0.0058, 0.0346, 0.0786, 0.0905, 0.472, 0.9503]","[-0.009, -0.0146, -0.0058]"
1760020392507,BTC_USDT,121428.3,-0.0058,121428.3,121495.8,379916904,4659778000.04149,133645.3,109346.2,121081.5,124149,121428.3,121428.4,101894171,-711.8,4.8e-05,UTC+8,"[-0.0058, 0.0346, 0.0786, 0.0905, 0.472, 0.9503]","[-0.009, -0.0146, -0.0058]"
1760020396613,BTC_USDT,121443.1,-0.0057,121455.3,121516.2,379981843,4660566600.97023,133667.8,109364.5,121081.5,124149,121443.1,121443.2,101930348,-697.0,4.8e-05,UTC+8,"[-0.0057, 0.0347, 0.0787, 0.0906, 0.4722, 0.9505]","[-0.0089, -0.0145, -0.0057]"
1760020398498,BTC_USDT,121443.1,-0.0057,121447.8,121513.7,380004243,4660838636.95494,133665.0,109362.3,121081.5,124149,121440.4,121442.7,101824300,-697.0,4.8e-05,UTC+8,"[-0.0057, 0.0347, 0.0787, 0.0906, 0.4722, 0.9505]","[-0.0089, -0.0145, -0.0057]"
1760020400530,BTC_USDT,121440.1,-0.0057,121449.4,121512.6,380042608,4661304544.93977,133663.8,109361.3,121081.5,124149,121440,121440.1,101824776,-700.0,4.8e-05,UTC+8,"[-0.0057, 0.0347, 0.0787, 0.0906, 0.4722, 0.9505]","[-0.0089, -0.0145, -0.0057]"
1760020402489,BTC_USDT,121431.7,-0.0057,121441.1,121508.6,380065566,4661583346.79016,133659.4,109357.7,121081.5,124149,121449.3,121449.4,101836744,-708.4,4.8e-05,UTC+8,"[-0.0057, 0.0346, 0.0786, 0.0905, 0.4721, 0.9504]","[-0.009, -0.0146, -0.0057]"
1760020404518,BTC_USDT,121459.7,-0.0055,121456.6,121510.7,380085948,4661830896.14732,133661.7,109359.6,121081.5,124149,121459.6,121459.7,101848149,-680.4,4.8e-05,UTC+8,"[-0.0055, 0.0348, 0.0789, 0.0908, 0.4724, 0.9508]","[-0.0088, -0.0144, -0.0055]"
1760020408492,BTC_USDT,121419.6,-0.0058,121437,121503.9,380104229,4662052896.95306,133654.2,109353.5,121081.5,124149,121419.6,121419.7,101869374,-720.5,4.8e-05,UTC+8,"[-0.0058, 0.0345, 0.0785, 0.0904, 0.4719, 0.9502]","[-0.0091, -0.0147, -0.0058]"
1760020410536,BTC_USDT,121401.6,-0.006,121403,121466.5,380114152,4662173371.17486,133613.1,109319.8,121081.5,124149,121401.6,121401.7,101882837,-738.5,4.8e-05,UTC+8,"[-0.006, 0.0343, 0.0784, 0.0902, 0.4717, 0.9499]","[-0.0092, -0.0148, -0.006]"
1760020412485,BTC_USDT,121401.4,-0.006,121397.4,121464.5,380126385,4662321879.36625,133610.9,109318.0,121081.5,124149,121401.4,121401.5,101901107,-738.7,4.8e-05,UTC+8,"[-0.006, 0.0343, 0.0784, 0.0902, 0.4717, 0.9499]","[-0.0092, -0.0148, -0.006]"
1760020414491,BTC_USDT,121380.1,-0.0062,121401.4,121456.0,380140176,4662489302.04145,133601.6,109310.4,121081.5,124149,121377.2,121377.3,101906191,-760.0,4.8e-05,UTC+8,"[-0.0062, 0.0342, 0.0782, 0.09, 0.4715, 0.9495]","[-0.0094, -0.015, -0.0062]"
1760020418491,BTC_USDT,121375.3,-0.0062,121375.2,121439.3,380153123,4662646441.49349,133583.2,109295.3,121081.5,124149,121375.2,121375.3,101906479,-764.8,4.8e-05,UTC+8,"[-0.0062, 0.0341, 0.0781, 0.09, 0.4714, 0.9494]","[-0.0095, -0.0151, -0.0062]"
1760020420492,BTC_USDT,121341.7,-0.0065,121372.8,121412.0,380167460,4662820414.56736,133553.2,109270.8,121081.5,124149,121341.6,121341.7,101915335,-798.4,4.8e-05,UTC+8,"[-0.0065, 0.0338, 0.0778, 0.0897, 0.471, 0.9489]","[-0.0097, -0.0153, -0.0065]"
1760020422485,BTC_USDT,121341.7,-0.0065,121341.7,121408.9,380178501,4662954387.15713,133549.7,109268.0,121081.5,124149,121349.2,121349.3,101917069,-798.4,4.8e-05,UTC+8,"[-0.0065, 0.0338, 0.0778, 0.0897, 0.471, 0.9489]","[-0.0097, -0.0153, -0.0065]"
1760020424486,BTC_USDT,121350.1,-0.0064,121352.5,121410.6,380182359,4663001204.14906,133551.6,109269.5,121081.5,124149,121350,121350.1,101920522,-790.0,4.8e-05,UTC+8,"[-0.0064, 0.0339, 0.0779, 0.0898, 0.4711, 0.949]","[-0.0097, -0.0153, -0.0064]"
1760020426483,BTC_USDT,121336.0,-0.0065,121342.3,121409.3,380189920,4663092947.40369,133550.2,109268.3,121081.5,124149,121335.9,121336.0,101824944,-804.1,4.8e-05,UTC+8,"[-0.0065, 0.0338, 0.0778, 0.0896, 0.4709, 0.9488]","[-0.0098, -0.0154, -0.0065]"
1760020430488,BTC_USDT,121350.6,-0.0064,121352.5,121399.9,380227333,4663546891.69252,133539.8,109259.9,121081.5,124149,121361.6,121361.7,101841604,-789.5,4.8e-05,UTC+8,"[-0.0064, 0.0339, 0.0779, 0.0898, 0.4711, 0.9491]","[-0.0097, -0.0153, -0.0064]"
1760020432484,BTC_USDT,121380.0,-0.0062,121373.8,121440.7,380427732,4665979132.37703,133584.7,109296.6,121081.5,124149,121388.7,121388.8,102060535,-760.1,4.8e-05,UTC+8,"[-0.0062, 0.0342, 0.0782, 0.09, 0.4715, 0.9495]","[-0.0094, -0.015, -0.0062]"
1760020434489,BTC_USDT,121422.3,-0.0058,121422.2,121481.0,380437059,4666092370.05947,133629.1,109332.9,121081.5,124149,121422.2,121422.3,102063229,-717.8,4.8e-05,UTC+8,"[-0.0058, 0.0345, 0.0786, 0.0904, 0.472, 0.9502]","[-0.0091, -0.0147, -0.0058]"
1760020436481,BTC_USDT,121422.2,-0.0058,121422.2,121481.4,380481359,4666630270.52813,133629.5,109333.2,121081.5,124149,121422.2,121422.3,102099278,-717.9,4.8e-05,UTC+8,"[-0.0058, 0.0345, 0.0786, 0.0904, 0.472, 0.9502]","[-0.0091, -0.0147, -0.0058]"
1760020438470,BTC_USDT,121422.2,-0.0058,121422.3,121485.2,380561948,4667608800.63263,133633.7,109336.6,121081.5,124149,121422.2,121422.3,102102184,-717.9,4.8e-05,UTC+8,"[-0.0058, 0.0345, 0.0786, 0.0904, 0.472, 0.9502]","[-0.0091, -0.0147, -0.0058]"
1760020442510,BTC_USDT,121393.7,-0.0061,121387.5,121454.4,380573815,4667752869.4557,133599.8,109308.9,121081.5,124149,121393.6,121393.7,102110733,-746.4,4.7e-05,UTC+8,"[-0.0061, 0.0343, 0.0783, 0.0902, 0.4716, 0.9497]","[-0.0093, -0.0149, -0.0061]"
1760020444557,BTC_USDT,121387.5,-0.0061,121390,121453.2,380654866,4668736775.45821,133598.5,109307.8,121081.5,124149,121387.4,121387.5,102124827,-752.6,4.7e-05,UTC+8,"[-0.0061, 0.0342, 0.0782, 0.0901, 0.4716, 0.9496]","[-0.0094, -0.015, -0.0061]"
1760020446487,BTC_USDT,121375.3,-0.0062,121375.2,121440.1,380660857,4668809493.18799,133584.1,109296.0,121081.5,124149,121375.2,121375.3,102146536,-764.8,4.7e-05,UTC+8,"[-0.0062, 0.0341, 0.0781, 0.09, 0.4714, 0.9494]","[-0.0095, -0.0151, -0.0062]"
1760020448472,BTC_USDT,121395.1,-0.006,121395.1,121458.7,380677043,4669005954.85663,133604.5,109312.8,121081.5,124149,121387.6,121387.7,102150165,-745.0,4.7e-05,UTC+8,"[-0.006, 0.0343, 0.0783, 0.0902, 0.4716, 0.9498]","[-0.0093, -0.0149, -0.006]"
1760020452484,BTC_USDT,121375.2,-0.0062,121375.2,121436.1,380699936,4669283842.37067,133579.7,109292.4,121081.5,124149,121375.2,121375.3,101881449,-764.9,4.7e-05,UTC+8,"[-0.0062, 0.0341, 0.0781, 0.09, 0.4714, 0.9494]","[-0.0095, -0.0151, -0.0062]"
1760020454504,BTC_USDT,121375.2,-0.0062,121375.2,121435.9,380716541,4669485385.91153,133579.4,109292.3,121081.5,124149,121375.2,121375.3,101896977,-764.9,4.7e-05,UTC+8,"[-0.0062, 0.0341, 0.0781, 0.09, 0.4714, 0.9494]","[-0.0095, -0.0151, -0.0062]"
1760020456463,BTC_USDT,121361.8,-0.0063,121363.5,121430.0,380719537,4669521749.88041,133573.0,109287.0,121081.5,124149,121382.2,121382.3,101897352,-778.3,4.7e-05,UTC+8,"[-0.0063, 0.034, 0.078, 0.0899, 0.4712, 0.9492]","[-0.0096, -0.0152, -0.0063]"
1760020458567,BTC_USDT,121356.6,-0.0064,121364.1,121430.5,380732241,4669675928.37092,133573.5,109287.4,121081.5,124149,121356.6,121356.7,101912319,-783.5,4.7e-05,UTC+8,"[-0.0064, 0.034, 0.078, 0.0898, 0.4712, 0.9491]","[-0.0096, -0.0152, -0.0064]"
1760020462476,BTC_USDT,121356.6,-0.0064,121358.8,121420.0,380766622,4670093142.0793,133562.0,109278.0,121081.5,124149,121356.5,121356.6,101941973,-783.5,4.7e-05,UTC+8,"[-0.0064, 0.034, 0.078, 0.0898, 0.4712, 0.9491]","[-0.0096, -0.0152, -0.0064]"
1760020464485,BTC_USDT,121353.1,-0.0064,121353.5,121419.8,380775865,4670205309.60907,133561.7,109277.8,121081.5,124149,121353,121353.1,101942238,-787.0,4.7e-05,UTC+8,"[-0.0064, 0.0339, 0.0779, 0.0898, 0.4711, 0.9491]","[-0.0096, -0.0152, -0.0064]"
1760020466471,BTC_USDT,121350.0,-0.0064,121352.9,121419.1,380776631,4670214605.11598,133561.0,109277.1,121081.5,124149,121350,121350.1,101941536,-790.1,4.7e-05,UTC+8,"[-0.0064, 0.0339, 0.0779, 0.0898, 0.4711, 0.949]","[-0.0097, -0.0153, -0.0064]"
1760020468480,BTC_USDT,121350.1,-0.0064,121352.9,121419.1,380784097,4670305205.14583,133561.0,109277.1,121081.5,124149,121350.1,121350.2,101941543,-790.0,4.7e-05,UTC+8,"[-0.0064, 0.0339, 0.0779, 0.0898, 0.4711, 0.949]","[-0.0097, -0.0153, -0.0064]"
1760020470493,BTC_USDT,121340.2,-0.0065,121349.4,121412.4,380806032,4670571370.23723,133553.6,109271.1,121081.5,124149,121340.2,121340.3,101942326,-799.9,4.7e-05,UTC+8,"[-0.0065, 0.0338, 0.0778, 0.0897, 0.471, 0.9489]","[-0.0097, -0.0153, -0.0065]"
1760020474498,BTC_USDT,121346.9,-0.0064,121343.4,121409.7,380830812,4670872064.49344,133550.6,109268.7,121081.5,124149,121346.8,121346.9,101892592,-793.2,4.7e-05,UTC+8,"[-0.0064, 0.0339, 0.0779, 0.0897, 0.4711, 0.949]","[-0.0097, -0.0153, -0.0064]"
1760020476503,BTC_USDT,121346.8,-0.0064,121346.8,121409.5,380854328,4671157423.74453,133550.4,109268.5,121081.5,124149,121346.8,121346.9,101916790,-793.3,4.7e-05,UTC+8,"[-0.0064, 0.0339, 0.0779, 0.0897, 0.4711, 0.949]","[-0.0097, -0.0153, -0.0064]"
1760020478488,BTC_USDT,121332.1,-0.0066,121333,121399.3,380859333,4671218152.77837,133539.2,109259.3,121081.5,124149,121332,121332.1,101916282,-808.0,4.7e-05,UTC+8,"[-0.0066, 0.0337, 0.0778, 0.0896, 0.4709, 0.9488]","[-0.0098, -0.0154, -0.0066]"
1760020480530,BTC_USDT,121332.0,-0.0066,121333.5,121399.8,380872150,4671373664.04655,133539.7,109259.8,121081.5,124149,121332,121332.1,101923424,-808.1,4.7e-05,UTC+8,"[-0.0066, 0.0337, 0.0778, 0.0896, 0.4709, 0.9488]","[-0.0098, -0.0154, -0.0066]"
1760020484484,BTC_USDT,121413.3,-0.0059,121400.1,121466.4,380890772,4671599679.5334,133613.0,109319.7,121081.5,124149,121413.2,121413.3,101931874,-726.8,4.7e-05,UTC+8,"[-0.0059, 0.0344, 0.0785, 0.0903, 0.4719, 0.9501]","[-0.0091, -0.0148, -0.0059]"
1760020486461,BTC_USDT,121384.9,-0.0061,121393.2,121459.5,380895048,4671651589.68195,133605.4,109313.5,121081.5,124149,121384.8,121384.9,101934105,-755.2,4.7e-05,UTC+8,"[-0.0061, 0.0342, 0.0782, 0.0901, 0.4715, 0.9496]","[-0.0094, -0.015, -0.0061]"
1760020488454,BTC_USDT,121379.3,-0.0062,121385.1,121451.5,380903869,4671758661.54059,133596.6,109306.3,121081.5,124149,121379.2,121379.3,101940512,-760.8,4.7e-05,UTC+8,"[-0.0062, 0.0341, 0.0782, 0.09, 0.4715, 0.9495]","[-0.0094, -0.015, -0.0062]"
1760020490548,BTC_USDT,121384.9,-0.0061,121384.8,121445.8,380906644,4671792344.46613,133590.3,109301.2,121081.5,124149,121389,121389.1,101942078,-755.2,4.7e-05,UTC+8,"[-0.0061, 0.0342, 0.0782, 0.0901, 0.4715, 0.9496]","[-0.0094, -0.015, -0.0061]"
1760020492473,BTC_USDT,121386.1,-0.0061,121396.3,121457.6,380914992,4671893680.56414,133603.3,109311.8,121081.5,124149,121386,121386.1,101955109,-754.0,4.7e-05,UTC+8,"[-0.0061, 0.0342, 0.0782, 0.0901, 0.4715, 0.9496]","[-0.0094, -0.015, -0.0061]"
1760020496487,BTC_USDT,121408.6,-0.0059,121410.7,121477.1,380998567,4672908352.17082,133624.8,109329.3,121081.5,124149,121408.5,121408.6,101978442,-731.5,4.7e-05,UTC+8,"[-0.0059, 0.0344, 0.0784, 0.0903, 0.4718, 0.95]","[-0.0092, -0.0148, -0.0059]"
1760020498533,BTC_USDT,121418.7,-0.0059,121410.9,121477.3,381000730,4672934613.87393,133625.0,109329.5,121081.5,124149,121418.7,121418.8,101981460,-721.4,4.7e-05,UTC+8,"[-0.0059, 0.0345, 0.0785, 0.0904, 0.4719, 0.9501]","[-0.0091, -0.0147, -0.0059]"
1760020500611,BTC_USDT,121407.1,-0.006,121419.6,121478.0,381031359,4673306503.99653,133625.8,109330.2,121081.5,124149,121407.1,121407.2,101891174,-733.0,4.6e-05,UTC+8,"[-0.006, 0.0344, 0.0784, 0.0903, 0.4718, 0.95]","[-0.0092, -0.0148, -0.006]"
1760020502504,BTC_USDT,121439.3,-0.0057,121406.2,121472.7,381054370,4673585872.48414,133619.9,109325.4,121081.5,124149,121439.9,121440.0,101898925,-700.8,4.6e-05,UTC+8,"[-0.0057, 0.0347, 0.0787, 0.0906, 0.4722, 0.9505]","[-0.0089, -0.0145, -0.0057]"
1760020506486,BTC_USDT,121423.1,-0.0058,121437.7,121484.6,381067770,4673748604.44964,133633.0,109336.1,121081.5,124149,121425.8,121425.9,101901599,-717.0,4.6e-05,UTC+8,"[-0.0058, 0.0345, 0.0786, 0.0904, 0.472, 0.9502]","[-0.0091, -0.0147, -0.0058]"
1760020508477,BTC_USDT,121425.8,-0.0058,121425.8,121490.4,381087638,4673989853.06111,133639.4,109341.3,121081.5,124149,121425.8,121425.9,101905551,-714.3,4.6e-05,UTC+8,"[-0.0058, 0.0345, 0.0786, 0.0904, 0.472, 0.9503]","[-0.009, -0.0147, -0.0058]"
1760020510500,BTC_USDT,121408.6,-0.0059,121425.8,121489.8,381147610,4674718042.16042,133638.7,109340.8,121081.5,124149,121408.5,121408.6,102018100,-731.5,4.6e-05,UTC+8,"[-0.0059, 0.0344, 0.0784, 0.0903, 0.4718, 0.95]","[-0.0092, -0.0148, -0.0059]"
1760020512503,BTC_USDT,121421.7,-0.0058,121421.7,121475.5,381174861,4675048893.15946,133623.0,109327.9,121081.5,124149,121424.5,121425.8,102021061,-718.4,4.6e-05,UTC+8,"[-0.0058, 0.0345, 0.0785, 0.0904, 0.472, 0.9502]","[-0.0091, -0.0147, -0.0058]"
1760020514487,BTC_USDT,121400.0,-0.006,121424.4,121484.0,381180032,4675111681.34645,133632.4,109335.6,121081.5,124149,121398.4,121398.5,102028323,-740.1,4.6e-05,UTC+8,"[-0.006, 0.0343, 0.0784, 0.0902, 0.4717, 0.9498]","[-0.0093, -0.0149, -0.006]"
1760020518490,BTC_USDT,121402.5,-0.006,121414.4,121461.4,381187223,4675198984.47956,133607.5,109315.2,121081.5,124149,121400,121400.1,102030870,-737.6,4.6e-05,UTC+8,"[-0.006, 0.0343, 0.0784, 0.0902, 0.4717, 0.9499]","[-0.0092, -0.0148, -0.006]"
1760020520560,BTC_USDT,121378.1,-0.0062,121388.9,121450.8,381198045,4675330351.28816,133595.8,109305.7,121081.5,124149,121378.1,121378.2,102039512,-762.0,4.6e-05,UTC+8,"[-0.0062, 0.0341, 0.0782, 0.09, 0.4714, 0.9495]","[-0.0094, -0.015, -0.0062]"
1760020522495,BTC_USDT,121358.0,-0.0064,121360.9,121426.8,381222162,4675623056.58622,133569.4,109284.1,121081.5,124149,121358,121358.1,101890141,-782.1,4.6e-05,UTC+8,"[-0.0064, 0.034, 0.078, 0.0898, 0.4712, 0.9492]","[-0.0096, -0.0152, -0.0064]"
1760020524484,BTC_USDT,121355.7,-0.0064,121354.5,121420.5,381231314,4675734120.68886,133562.5,109278.4,121081.5,124149,121355.6,121355.7,101892199,-784.4,4.6e-05,UTC+8,"[-0.0064, 0.0339, 0.078, 0.0898, 0.4712, 0.9491]","[-0.0096, -0.0152, -0.0064]"
1760020528494,BTC_USDT,121362.2,-0.0063,121362.3,121422.0,381255029,4676021933.29617,133564.2,109279.8,121081.5,124149,121370.6,121370.7,101894860,-777.9,4.6e-05,UTC+8,"[-0.0063, 0.034, 0.078, 0.0899, 0.4712, 0.9492]","[-0.0096, -0.0152, -0.0063]"
