timestamp,symbol,lastPrice,riseFallRate,fairPrice,indexPrice,volume24,amount24,maxBidPrice,minAskPrice,lower24Price,high24Price,bid1,ask1,holdVol,riseFallValue,fundingRate,zone,riseFallRates,riseFallRatesOfTimezone
1736074559124,BTC_USDT,97693.6,0.0007,97693.5,97727.4,381373450,3740596055.79956,107500.1,87954.6,97483.9,98760.2,97693.5,97693.6,193678784,70.1,0.0001,UTC+8,"[0.0007, 0.0348, -0.036, 0.5583, 0.7527, 1.246]","[0.0005, -0.0048, 0.0007]"
1736074561131,BTC_USDT,97699.7,0.0007,97698.6,97727.5,381374408,3740605415.35272,107500.2,87954.7,97483.9,98760.2,97699.6,97699.7,193678784,76.2,0.0001,UTC+8,"[0.0007, 0.0348, -0.036, 0.5584, 0.7528, 1.2462]","[0.0005, -0.0048, 0.0007]"
1736074563123,BTC_USDT,97699.6,0.0007,97698.6,97727.5,381375405,3740615156.00522,107500.2,87954.7,97483.9,98760.2,97699.6,97699.7,193678784,76.1,0.0001,UTC+8,"[0.0007, 0.0348, -0.036, 0.5584, 0.7528, 1.2462]","[0.0005, -0.0048, 0.0007]"
1736074566122,BTC_USDT,97699.7,0.0007,97699.6,97727.5,381377261,3740633289.05825,107500.2,87954.7,97483.9,98760.2,97699.6,97699.7,193678784,76.2,0.0001,UTC+8,"[0.0007, 0.0348, -0.036, 0.5584, 0.7528, 1.2462]","[0.0005, -0.0048, 0.0007]"
1736074568122,BTC_USDT,97699.6,0.0007,97699.6,97727.6,381377575,3740636356.82859,107500.3,87954.8,97483.9,98760.2,97699.6,97699.7,193679944,76.1,0.0001,UTC+8,"[0.0007, 0.0348, -0.036, 0.5584, 0.7528, 1.2462]","[0.0005, -0.0048, 0.0007]"
1736074570122,BTC_USDT,97699.7,0.0007,97699.6,97727.6,381378603,3740646400.35413,107500.3,87954.8,97483.9,98760.2,97699.6,97699.7,193682140,76.2,0.0001,UTC+8,"[0.0007, 0.0348, -0.036, 0.5584, 0.7528, 1.2462]","[0.0005, -0.0048, 0.0007]"
1736074573120,BTC_USDT,97699.7,0.0007,97699.6,97727.6,381378672,3740647074.4818,107500.3,87954.8,97483.9,98760.2,97699.6,97699.7,193682140,76.2,0.0001,UTC+8,"[0.0007, 0.0348, -0.036, 0.5584, 0.7528, 1.2462]","[0.0005, -0.0048, 0.0007]"
1736074575119,BTC_USDT,97699.6,0.0007,97699.6,97727.6,381379418,3740654362.87548,107500.3,87954.8,97483.9,98760.2,97699.6,97699.7,193682544,76.1,0.0001,UTC+8,"[0.0007, 0.0348, -0.036, 0.5584, 0.7528, 1.2462]","[0.0005, -0.0048, 0.0007]"
1736074577118,BTC_USDT,97699.6,0.0007,97699.6,97727.6,381379447,3740654646.2044,107500.3,87954.8,97483.9,98760.2,97699.6,97699.7,193682544,76.1,0.0001,UTC+8,"[0.0007, 0.0348, -0.036, 0.5584, 0.7528, 1.2462]","[0.0005, -0.0048, 0.0007]"
1736074579122,BTC_USDT,97699.7,0.0007,97699.7,97727.6,381379582,3740655965.14964,107500.3,87954.8,97483.9,98760.2,97699.6,97699.7,193682708,76.2,0.0001,UTC+8,"[0.0007, 0.0348, -0.036, 0.5584, 0.7528, 1.2462]","[0.0005, -0.0048, 0.0007]"
1736074582120,BTC_USDT,97699.6,0.0007,97699.7,97727.6,381427835,3741127395.19075,107500.3,87954.8,97483.9,98760.2,97699.6,97699.7,193817736,76.1,0.0001,UTC+8,"[0.0007, 0.0348, -0.036, 0.5584, 0.7528, 1.2462]","[0.0005, -0.0048, 0.0007]"
1736074584116,BTC_USDT,97699.6,0.0007,97699.6,97727.6,381428410,3741133012.92117,107500.3,87954.8,97483.9,98760.2,97699.6,97699.7,193819072,76.1,0.0001,UTC+8,"[0.0007, 0.0348, -0.036, 0.5584, 0.7528, 1.2462]","[0.0005, -0.0048, 0.0007]"
1736074586120,BTC_USDT,97699.6,0.0007,97699.6,97727.6,381429268,3741141395.54893,107500.3,87954.8,97483.9,98760.2,97699.6,97699.7,193821396,76.1,0.0001,UTC+8,"[0.0007, 0.0348, -0.036, 0.5584, 0.7528, 1.2462]","[0.0005, -0.0048, 0.0007]"
1736074589124,BTC_USDT,97699.7,0.0007,97699.7,97727.6,381441824,3741264067.29064,107500.3,87954.8,97483.9,98760.2,97699.6,97699.7,193821564,76.2,0.0001,UTC+8,"[0.0007, 0.0348, -0.036, 0.5584, 0.7528, 1.2462]","[0.0005, -0.0048, 0.0007]"
1736074591120,BTC_USDT,97699.7,0.0007,97699.6,97727.7,381442043,3741266206.9129,107500.4,87954.9,97483.9,98760.2,97699.6,97699.7,193821920,76.2,0.0001,UTC+8,"[0.0007, 0.0348, -0.036, 0.5584, 0.7528, 1.2462]","[0.0005, -0.0048, 0.0007]"
1736074593122,BTC_USDT,97699.6,0.0007,97699.6,97727.7,381442077,3741266539.0917,107500.4,87954.9,97483.9,98760.2,97699.6,97699.7,193821920,76.1,0.0001,UTC+8,"[0.0007, 0.0348, -0.036, 0.5584, 0.7528, 1.2462]","[0.0005, -0.0048, 0.0007]"
1736074596122,BTC_USDT,97699.7,0.0007,97699.6,97727.7,381446526,3741310005.6579,107500.4,87954.9,97483.9,98760.2,97699.6,97699.7,193831172,76.2,0.0001,UTC+8,"[0.0007, 0.0348, -0.036, 0.5584, 0.7528, 1.2462]","[0.0005, -0.0048, 0.0007]"
1736074598118,BTC_USDT,97699.7,0.0007,97699.6,97727.7,381447420,3741318740.00961,107500.4,87954.9,97483.9,98760.2,97699.6,97699.7,193828224,76.2,0.0001,UTC+8,"[0.0007, 0.0348, -0.036, 0.5584, 0.7528, 1.2462]","[0.0005, -0.0048, 0.0007]"
1736074600120,BTC_USDT,97699.7,0.0007,97699.6,97727.7,381448166,3741326028.4012,107500.4,87954.9,97483.9,98760.2,97699.6,97699.7,193829560,76.2,0.0001,UTC+8,"[0.0007, 0.0348, -0.036, 0.5584, 0.7528, 1.2462]","[0.0005, -0.0048, 0.0007]"
1736074603119,BTC_USDT,97699.6,0.0007,97699.7,97727.7,381448752,3741331753.60076,107500.4,87954.9,97483.9,98760.2,97699.6,97699.7,193829420,76.1,0.0001,UTC+8,"[0.0007, 0.0348, -0.036, 0.5584, 0.7528, 1.2462]","[0.0005, -0.0048, 0.0007]"
1736074605120,BTC_USDT,97699.7,0.0007,97699.7,97727.7,381449268,3741336794.90367,107500.4,87954.9,97483.9,98760.2,97699.6,97699.7,193678052,76.2,0.0001,UTC+8,"[0.0007, 0.0348, -0.036, 0.5584, 0.7528, 1.2462]","[0.0005, -0.0048, 0.0007]"
1736074607119,BTC_USDT,97699.6,0.0007,97699.6,97727.7,381450443,3741348274.60854,107500.4,87954.9,97483.9,98760.2,97699.6,97699.7,193681880,76.1,0.0001,UTC+8,"[0.0007, 0.0348, -0.036, 0.5584, 0.7528, 1.2462]","[0.0005, -0.0048, 0.0007]"
1736074609121,BTC_USDT,97699.6,0.0007,97699.6,97727.7,381450885,3741352592.93517,107500.4,87954.9,97483.9,98760.2,97699.6,97699.7,193681880,76.1,0.0001,UTC+8,"[0.0007, 0.0348, -0.036, 0.5584, 0.7528, 1.2462]","[0.0005, -0.0048, 0.0007]"
1736074612120,BTC_USDT,97699.6,0.0007,97699.7,97727.7,381451907,3741362577.8412,107500.4,87954.9,97483.9,98760.2,97699.6,97699.7,193679384,76.1,0.0001,UTC+8,"[0.0007, 0.0348, -0.036, 0.5584, 0.7528, 1.2462]","[0.0005, -0.0048, 0.0007]"
1736074614122,BTC_USDT,97699.6,0.0007,97699.7,97727.7,381451998,3741363466.90772,107500.4,87954.9,97483.9,98760.2,97699.6,97699.7,193679384,76.1,0.0001,UTC+8,"[0.0007, 0.0348, -0.036, 0.5584, 0.7528, 1.2462]","[0.0005, -0.0048, 0.0007]"
1736074616123,BTC_USDT,97699.7,0.0007,97699.6,97727.7,381452372,3741367120.87391,107500.4,87954.9,97483.9,98760.2,97699.6,97699.7,193680392,76.2,0.0001,UTC+8,"[0.0007, 0.0348, -0.036, 0.5584, 0.7528, 1.2462]","[0.0005, -0.0048, 0.0007]"
1736074619122,BTC_USDT,97699.7,0.0007,97699.7,97727.7,381489018,3741725150.88338,107500.4,87954.9,97483.9,98760.2,97699.6,97699.7,193680092,76.2,0.0001,UTC+8,"[0.0007, 0.0348, -0.036, 0.5584, 0.7528, 1.2462]","[0.0005, -0.0048, 0.0007]"
1736074621123,BTC_USDT,97699.7,0.0007,97699.6,97727.7,381496955,3741802695.13477,107500.4,87954.9,97483.9,98760.2,97699.6,97699.7,193552396,76.2,0.0001,UTC+8,"[0.0007, 0.0348, -0.036, 0.5584, 0.7528, 1.2462]","[0.0005, -0.0048, 0.0007]"
1736074623123,BTC_USDT,97699.6,0.0007,97699.6,97727.7,381497248,3741805557.73544,107500.4,87954.9,97483.9,98760.2,97699.6,97699.7,193551440,76.1,0.0001,UTC+8,"[0.0007, 0.0348, -0.036, 0.5584, 0.7528, 1.2462]","[0.0005, -0.0048, 0.0007]"
1736074625122,BTC_USDT,97699.7,0.0007,97699.7,97727.7,381497409,3741807130.69973,107500.4,87954.9,97483.9,98760.2,97699.6,97699.7,193551440,76.2,0.0001,UTC+8,"[0.0007, 0.0348, -0.036, 0.5584, 0.7528, 1.2462]","[0.0005, -0.0048, 0.0007]"
1736074628122,BTC_USDT,97699.6,0.0007,97699.7,97727.7,381551387,3742334494.13806,107500.4,87954.9,97483.9,98760.2,97699.6,97699.7,193691492,76.1,0.0001,UTC+8,"[0.0007, 0.0348, -0.036, 0.5584, 0.7528, 1.2462]","[0.0005, -0.0048, 0.0007]"
1736074630120,BTC_USDT,97699.6,0.0007,97699.7,97727.7,381551522,3742335813.08387,107500.4,87954.9,97483.9,98760.2,97699.6,97699.7,193691492,76.1,0.0001,UTC+8,"[0.0007, 0.0348, -0.036, 0.5584, 0.7528, 1.2462]","[0.0005, -0.0048, 0.0007]"
1736074632123,BTC_USDT,97699.6,0.0007,97699.6,97727.7,381553424,3742354395.55407,107500.4,87954.9,97483.9,98760.2,97699.6,97699.7,193697984,76.1,0.0001,UTC+8,"[0.0007, 0.0348, -0.036, 0.5584, 0.7528, 1.2462]","[0.0005, -0.0048, 0.0007]"
1736074635122,BTC_USDT,97704.7,0.0008,97704.7,97733.2,381557344,3742392694.6392,107506.5,87959.8,97483.9,98760.2,97704.6,97704.7,193706612,81.2,0.0001,UTC+8,"[0.0008, 0.0349, -0.0359, 0.5585, 0.7529, 1.2463]","[0.0006, -0.0047, 0.0008]"
1736074637124,BTC_USDT,97704.7,0.0008,97704.6,97733.2,381557369,3742392938.90087,107506.5,87959.8,97483.9,98760.2,97704.6,97704.7,193706612,81.2,0.0001,UTC+8,"[0.0008, 0.0349, -0.0359, 0.5585, 0.7529, 1.2463]","[0.0006, -0.0047, 0.0008]"
1736074639122,BTC_USDT,97704.6,0.0008,97704.6,97733.2,381558400,3742403012.2552,107506.5,87959.8,97483.9,98760.2,97704.6,97704.7,193706752,81.1,0.0001,UTC+8,"[0.0008, 0.0349, -0.0359, 0.5585, 0.7529, 1.2463]","[0.0006, -0.0047, 0.0008]"
1736074641116,BTC_USDT,97704.7,0.0008,97704.6,97733.3,381558777,3742406695.72227,107506.6,87959.9,97483.9,98760.2,97704.6,97704.7,193706896,81.2,0.0001,UTC+8,"[0.0008, 0.0349, -0.0359, 0.5585, 0.7529, 1.2463]","[0.0006, -0.0047, 0.0008]"
1736074644114,BTC_USDT,97704.7,0.0008,97704.7,97733.3,381575760,3742572627.60967,107506.6,87959.9,97483.9,98760.2,97704.6,97704.7,193740388,81.2,0.0001,UTC+8,"[0.0008, 0.0349, -0.0359, 0.5585, 0.7529, 1.2463]","[0.0006, -0.0047, 0.0008]"
1736074646107,BTC_USDT,97704.6,0.0008,97704.6,97733.3,381585521,3742667997.09527,107506.6,87959.9,97483.9,98760.2,97704.6,97704.7,193750536,81.1,0.0001,UTC+8,"[0.0008, 0.0349, -0.0359, 0.5585, 0.7529, 1.2463]","[0.0006, -0.0047, 0.0008]"
1736074648112,BTC_USDT,97704.6,0.0008,97704.6,97733.3,381585555,3742668329.29104,107506.6,87959.9,97483.9,98760.2,97704.6,97704.7,193750536,81.1,0.0001,UTC+8,"[0.0008, 0.0349, -0.0359, 0.5585, 0.7529, 1.2463]","[0.0006, -0.0047, 0.0008]"
1736074651120,BTC_USDT,97710.3,0.0008,97710.3,97737.2,381631089,3743113235.14278,107510.9,87963.4,97483.9,98760.2,97710.3,97710.4,193752336,86.8,0.0001,UTC+8,"[0.0008, 0.0349, -0.0359, 0.5586, 0.753, 1.2464]","[0.0006, -0.0047, 0.0008]"
1736074653118,BTC_USDT,97710.3,0.0008,97710.4,97737.2,381631926,3743121413.49556,107510.9,87963.4,97483.9,98760.2,97710.3,97710.4,193752552,86.8,0.0001,UTC+8,"[0.0008, 0.0349, -0.0359, 0.5586, 0.753, 1.2464]","[0.0006, -0.0047, 0.0008]"
1736074655121,BTC_USDT,97710.4,0.0008,97710.3,97737.2,381632309,3743125155.80176,107510.9,87963.4,97483.9,98760.2,97710.3,97710.4,193753140,86.9,0.0001,UTC+8,"[0.0008, 0.0349, -0.0359, 0.5586, 0.753, 1.2464]","[0.0006, -0.0047, 0.0008]"
1736074657122,BTC_USDT,97710.3,0.0008,97710.3,97737.2,381633331,3743135141.79927,107510.9,87963.4,97483.9,98760.2,97710.3,97710.4,193755908,86.8,0.0001,UTC+8,"[0.0008, 0.0349, -0.0359, 0.5586, 0.753, 1.2464]","[0.0006, -0.0047, 0.0008]"
1736074660124,BTC_USDT,97710.4,0.0008,97710.4,97737.2,381633366,3743135483.78558,107510.9,87963.4,97483.9,98760.2,97710.3,97710.4,193755924,86.9,0.0001,UTC+8,"[0.0008, 0.0349, -0.0359, 0.5586, 0.753, 1.2464]","[0.0006, -0.0047, 0.0008]"
1736074662116,BTC_USDT,97710.4,0.0008,97710.3,97737.2,381639393,3743194373.80508,107510.9,87963.4,97483.9,98760.2,97710.3,97710.4,193765332,86.9,0.0001,UTC+8,"[0.0008, 0.0349, -0.0359, 0.5586, 0.753, 1.2464]","[0.0006, -0.0047, 0.0008]"
1736074664135,BTC_USDT,97710.4,0.0008,97710.4,97737.2,381642233,3743222123.54943,107510.9,87963.4,97483.9,98760.2,97710.3,97710.4,193766144,86.9,0.0001,UTC+8,"[0.0008, 0.0349, -0.0359, 0.5586, 0.753, 1.2464]","[0.0006, -0.0047, 0.0008]"
1736074667123,BTC_USDT,97710.4,0.0008,97710.3,97737.2,381642666,3743226354.40822,107510.9,87963.4,97483.9,98760.2,97710.3,97710.4,193629560,86.9,0.0001,UTC+8,"[0.0008, 0.0349, -0.0359, 0.5586, 0.753, 1.2464]","[0.0006, -0.0047, 0.0008]"
1736074669117,BTC_USDT,97710.3,0.0008,97710.3,97737.2,381642686,3743226549.8289,107510.9,87963.4,97483.9,98760.2,97710.3,97710.4,193629560,86.8,0.0001,UTC+8,"[0.0008, 0.0349, -0.0359, 0.5586, 0.753, 1.2464]","[0.0006, -0.0047, 0.0008]"
1736074671116,BTC_USDT,97710.3,0.0008,97710.4,97737.2,381643701,3743236467.4313,107510.9,87963.4,97483.9,98760.2,97710.3,97710.4,193629780,86.8,0.0001,UTC+8,"[0.0008, 0.0349, -0.0359, 0.5586, 0.753, 1.2464]","[0.0006, -0.0047, 0.0008]"
1736074673120,BTC_USDT,97710.4,0.0008,97710.3,97737.2,381643833,3743237757.20787,107510.9,87963.4,97483.9,98760.2,97710.3,97710.4,193629780,86.9,0.0001,UTC+8,"[0.0008, 0.0349, -0.0359, 0.5586, 0.753, 1.2464]","[0.0006, -0.0047, 0.0008]"
1736074676105,BTC_USDT,97710.4,0.0008,97710.3,97737.2,381646151,3743260406.47449,107510.9,87963.4,97483.9,98760.2,97710.3,97710.4,193633152,86.9,0.0001,UTC+8,"[0.0008, 0.0349, -0.0359, 0.5586, 0.753, 1.2464]","[0.0006, -0.0047, 0.0008]"
1736074678115,BTC_USDT,97710.4,0.0008,97710.4,97737.2,381648294,3743281345.80806,107510.9,87963.4,97483.9,98760.2,97710.3,97710.4,193637244,86.9,0.0001,UTC+8,"[0.0008, 0.0349, -0.0359, 0.5586, 0.753, 1.2464]","[0.0006, -0.0047, 0.0008]"
1736074680108,BTC_USDT,97710.4,0.0008,97710.3,97737.2,381649281,3743290989.82238,107510.9,87963.4,97483.9,98760.2,97710.3,97710.4,193637448,86.9,0.0001,UTC+8,"[0.0008, 0.0349, -0.0359, 0.5586, 0.753, 1.2464]","[0.0006, -0.0047, 0.0008]"
1736074683123,BTC_USDT,97710.3,0.0008,97710.3,97736.7,381651966,3743317225.05728,107510.3,87963.0,97483.9,98760.2,97705.4,97705.5,193638816,86.8,0.0001,UTC+8,"[0.0008, 0.0349, -0.0359, 0.5586, 0.753, 1.2464]","[0.0006, -0.0047, 0.0008]"
1736074685115,BTC_USDT,97705.4,0.0008,97705.4,97736.7,381652433,3743321788.03637,107510.3,87963.0,97483.9,98760.2,97705.4,97705.5,193638856,81.9,0.0001,UTC+8,"[0.0008, 0.0349, -0.0359, 0.5585, 0.7529, 1.2463]","[0.0006, -0.0047, 0.0008]"
1736074687123,BTC_USDT,97705.5,0.0008,97705.4,97736.7,381653005,3743327376.78799,107510.3,87963.0,97483.9,98760.2,97705.4,97705.5,193640004,82.0,0.0001,UTC+8,"[0.0008, 0.0349, -0.0359, 0.5585, 0.7529, 1.2463]","[0.0006, -0.0047, 0.0008]"
1736074689117,BTC_USDT,97705.4,0.0008,97705.5,97736.7,381656273,3743359306.92113,107510.3,87963.0,97483.9,98760.2,97705.4,97705.5,193647052,81.9,0.0001,UTC+8,"[0.0008, 0.0349, -0.0359, 0.5585, 0.7529, 1.2463]","[0.0006, -0.0047, 0.0008]"
1736074692117,BTC_USDT,97705.4,0.0008,97705.4,97736.7,381661919,3743414471.39104,107510.3,87963.0,97483.9,98760.2,97705.4,97705.5,193648668,81.9,0.0001,UTC+8,"[0.0008, 0.0349, -0.0359, 0.5585, 0.7529, 1.2463]","[0.0006, -0.0047, 0.0008]"
1736074694150,BTC_USDT,97705.4,0.0008,97705.5,97736.7,381662007,3743415331.19865,107510.3,87963.0,97483.9,98760.2,97705.4,97705.5,193648668,81.9,0.0001,UTC+8,"[0.0008, 0.0349, -0.0359, 0.5585, 0.7529, 1.2463]","[0.0006, -0.0047, 0.0008]"
1736074696109,BTC_USDT,97705.4,0.0008,97705.5,97736.7,381662845,3743423518.91187,107510.3,87963.0,97483.9,98760.2,97705.4,97705.5,193648824,81.9,0.0001,UTC+8,"[0.0008, 0.0349, -0.0359, 0.5585, 0.7529, 1.2463]","[0.0006, -0.0047, 0.0008]"
1736074699114,BTC_USDT,97701.7,0.0008,97703.1,97736.7,381671962,3743512596.97073,107510.3,87963.0,97483.9,98760.2,97701.6,97701.7,193673492,78.2,0.0001,UTC+8,"[0.0008, 0.0348, -0.0359, 0.5584, 0.7529, 1.2462]","[0.0005, -0.0048, 0.0008]"
1736074701121,BTC_USDT,97701.7,0.0008,97703.2,97736.7,381672440,3743517267.11101,107510.3,87963.0,97483.9,98760.2,97701.6,97701.7,193673780,78.2,0.0001,UTC+8,"[0.0008, 0.0348, -0.0359, 0.5584, 0.7529, 1.2462]","[0.0005, -0.0048, 0.0008]"
1736074703124,BTC_USDT,97701.7,0.0008,97703.2,97736.6,381673032,3743523051.0514,107510.2,87962.9,97483.9,98760.2,97701.6,97701.7,193675716,78.2,0.0001,UTC+8,"[0.0008, 0.0348, -0.0359, 0.5584, 0.7529, 1.2462]","[0.0005, -0.0048, 0.0008]"
1736074706121,BTC_USDT,97700.0,0.0007,97703.3,97736.6,381681278,3743603614.83577,107510.2,87962.9,97483.9,98760.2,97700.0,97700.1,193700472,76.5,0.0001,UTC+8,"[0.0007, 0.0348, -0.036, 0.5584, 0.7528, 1.2462]","[0.0005, -0.0048, 0.0007]"
1736074708120,BTC_USDT,97700.0,0.0007,97703.3,97736.6,381682247,3743613081.96731,107510.2,87962.9,97483.9,98760.2,97700.0,97700.1,193701660,76.5,0.0001,UTC+8,"[0.0007, 0.0348, -0.036, 0.5584, 0.7528, 1.2462]","[0.0005, -0.0048, 0.0007]"
1736074710123,BTC_USDT,97700.0,0.0007,97703.3,97736.6,381683671,3743626994.45379,107510.2,87962.9,97483.9,98760.2,97700.0,97700.1,193704684,76.5,0.0001,UTC+8,"[0.0007, 0.0348, -0.036, 0.5584, 0.7528, 1.2462]","[0.0005, -0.0048, 0.0007]"
1736074712120,BTC_USDT,97699.6,0.0007,97703.4,97736.6,381733228,3744111166.48017,107510.2,87962.9,97483.9,98760.2,97699.6,97699.7,193704884,76.1,0.0001,UTC+8,"[0.0007, 0.0348, -0.036, 0.5584, 0.7528, 1.2462]","[0.0005, -0.0048, 0.0007]"
1736074715123,BTC_USDT,97699.6,0.0007,97703.4,97736.5,381738877,3744166357.00033,107510.1,87962.8,97483.9,98760.2,97699.6,97699.7,193718544,76.1,0.0001,UTC+8,"[0.0007, 0.0348, -0.036, 0.5584, 0.7528, 1.2462]","[0.0005, -0.0048, 0.0007]"
1736074717124,BTC_USDT,97699.6,0.0007,97703.3,97736.4,381739123,3744168760.41057,107510.0,87962.7,97483.9,98760.2,97699.6,97699.7,193718544,76.1,0.0001,UTC+8,"[0.0007, 0.0348, -0.036, 0.5584, 0.7528, 1.2462]","[0.0005, -0.0048, 0.0007]"
1736074719125,BTC_USDT,97699.6,0.0007,97703.4,97736.4,381739338,3744170860.95344,107510.0,87962.7,97483.9,98760.2,97699.6,97699.7,193718960,76.1,0.0001,UTC+8,"[0.0007, 0.0348, -0.036, 0.5584, 0.7528, 1.2462]","[0.0005, -0.0048, 0.0007]"
1736074722117,BTC_USDT,97699.7,0.0007,97703.5,97736.4,381750358,3744278525.94539,107510.0,87962.7,97483.9,98760.2,97699.6,97699.7,193748960,76.2,0.0001,UTC+8,"[0.0007, 0.0348, -0.036, 0.5584, 0.7528, 1.2462]","[0.0005, -0.0048, 0.0007]"
1736074724117,BTC_USDT,97698.7,0.0007,97703.5,97736.4,381750467,3744279590.86994,107510.0,87962.7,97483.9,98760.2,97698.7,97698.8,193527860,75.2,0.0001,UTC+8,"[0.0007, 0.0348, -0.036, 0.5584, 0.7528, 1.2461]","[0.0005, -0.0048, 0.0007]"
1736074726116,BTC_USDT,97698.7,0.0007,97703.6,97736.4,381753614,3744310336.65156,107510.0,87962.7,97483.9,98760.2,97698.7,97698.8,193527864,75.2,0.0001,UTC+8,"[0.0007, 0.0348, -0.036, 0.5584, 0.7528, 1.2461]","[0.0005, -0.0048, 0.0007]"
1736074728110,BTC_USDT,97698.7,0.0007,97703.6,97736.4,381754610,3744320067.4421,107510.0,87962.7,97483.9,98760.2,97698.7,97698.8,193531808,75.2,0.0001,UTC+8,"[0.0007, 0.0348, -0.036, 0.5584, 0.7528, 1.2461]","[0.0005, -0.0048, 0.0007]"
1736074731121,BTC_USDT,97698.7,0.0007,97703.7,97736.4,381763299,3744404957.84655,107510.0,87962.7,97483.9,98760.2,97698.7,97698.8,193544796,75.2,0.0001,UTC+8,"[0.0007, 0.0348, -0.036, 0.5584, 0.7528, 1.2461]","[0.0005, -0.0048, 0.0007]"
1736074733122,BTC_USDT,97698.8,0.0007,97703.8,97736.4,381766815,3744439308.74459,107510.0,87962.7,97483.9,98760.2,97698.7,97698.8,193545636,75.3,0.0001,UTC+8,"[0.0007, 0.0348, -0.036, 0.5584, 0.7528, 1.2461]","[0.0005, -0.0048, 0.0007]"
1736074735119,BTC_USDT,97698.7,0.0007,97703.7,97736.3,381775952,3744528576.1096,107509.9,87962.6,97483.9,98760.2,97698.7,97698.8,193570764,75.2,0.0001,UTC+8,"[0.0007, 0.0348, -0.036, 0.5584, 0.7528, 1.2461]","[0.0005, -0.0048, 0.0007]"
1736074738120,BTC_USDT,97698.8,0.0007,97703.8,97736.3,381776129,3744530305.37678,107509.9,87962.6,97483.9,98760.2,97698.7,97698.8,193570836,75.3,0.0001,UTC+8,"[0.0007, 0.0348, -0.036, 0.5584, 0.7528, 1.2461]","[0.0005, -0.0048, 0.0007]"
1736074740130,BTC_USDT,97698.8,0.0007,97703.8,97736.3,381776316,3744532132.34424,107509.9,87962.6,97483.9,98760.2,97698.7,97698.8,193570836,75.3,0.0001,UTC+8,"[0.0007, 0.0348, -0.036, 0.5584, 0.7528, 1.2461]","[0.0005, -0.0048, 0.0007]"
1736074742123,BTC_USDT,97698.8,0.0007,97703.9,97736.3,381778598,3744554427.19828,107509.9,87962.6,97483.9,98760.2,97698.7,97698.8,193577848,75.3,0.0001,UTC+8,"[0.0007, 0.0348, -0.036, 0.5584, 0.7528, 1.2461]","[0.0005, -0.0048, 0.0007]"
1736074744110,BTC_USDT,97693.8,0.0007,97703.9,97736.3,381793194,3744697021.2023,107509.9,87962.6,97483.9,98760.2,97693.7,97693.8,193536012,70.3,0.0001,UTC+8,"[0.0007, 0.0348, -0.036, 0.5583, 0.7527, 1.246]","[0.0005, -0.0048, 0.0007]"
1736074747114,BTC_USDT,97693.7,0.0007,97703.8,97736.3,381793262,3744697685.51986,107509.9,87962.6,97483.9,98760.2,97693.7,97693.8,193536068,70.2,0.0001,UTC+8,"[0.0007, 0.0348, -0.036, 0.5583, 0.7527, 1.246]","[0.0005, -0.0048, 0.0007]"
1736074749118,BTC_USDT,97693.7,0.0007,97703.8,97736.3,381793901,3744703928.15338,107509.9,87962.6,97483.9,98760.2,97693.7,97693.8,193536680,70.2,0.0001,UTC+8,"[0.0007, 0.0348, -0.036, 0.5583, 0.7527, 1.246]","[0.0005, -0.0048, 0.0007]"
1736074751119,BTC_USDT,97693.8,0.0007,97703.7,97736.3,381794421,3744709008.22928,107509.9,87962.6,97483.9,98760.2,97693.7,97693.8,193537972,70.3,0.0001,UTC+8,"[0.0007, 0.0348, -0.036, 0.5583, 0.7527, 1.246]","[0.0005, -0.0048, 0.0007]"
1736074754112,BTC_USDT,97693.7,0.0007,97703.7,97736.4,381795887,3744723330.13531,107510.0,87962.7,97483.9,98760.2,97693.7,97693.8,193542052,70.2,0.0001,UTC+8,"[0.0007, 0.0348, -0.036, 0.5583, 0.7527, 1.246]","[0.0005, -0.0048, 0.0007]"
1736074756154,BTC_USDT,97693.7,0.0007,97703.7,97736.4,381795897,3744723427.82903,107510.0,87962.7,97483.9,98760.2,97693.7,97693.8,193542052,70.2,0.0001,UTC+8,"[0.0007, 0.0348, -0.036, 0.5583, 0.7527, 1.246]","[0.0005, -0.0048, 0.0007]"
1736074758111,BTC_USDT,97693.8,0.0007,97703.6,97736.4,381796359,3744727941.28253,107510.0,87962.7,97483.9,98760.2,97693.7,97693.8,193543848,70.3,0.0001,UTC+8,"[0.0007, 0.0348, -0.036, 0.5583, 0.7527, 1.246]","[0.0005, -0.0048, 0.0007]"
1736074761123,BTC_USDT,97693.8,0.0007,97703.5,97736.4,381796655,3744730833.01691,107510.0,87962.7,97483.9,98760.2,97693.7,97693.8,193543984,70.3,0.0001,UTC+8,"[0.0007, 0.0348, -0.036, 0.5583, 0.7527, 1.246]","[0.0005, -0.0048, 0.0007]"
1736074763126,BTC_USDT,97693.8,0.0007,97703.4,97736.4,381796835,3744732591.505,107510.0,87962.7,97483.9,98760.2,97693.7,97693.8,193544112,70.3,0.0001,UTC+8,"[0.0007, 0.0348, -0.036, 0.5583, 0.7527, 1.246]","[0.0005, -0.0048, 0.0007]"
1736074765118,BTC_USDT,97693.7,0.0007,97703.3,97736.4,381796959,3744733802.90778,107510.0,87962.7,97483.9,98760.2,97693.7,97693.8,193544172,70.2,0.0001,UTC+8,"[0.0007, 0.0348, -0.036, 0.5583, 0.7527, 1.246]","[0.0005, -0.0048, 0.0007]"
1736074767115,BTC_USDT,97693.7,0.0007,97703.3,97736.4,381797000,3744734203.45218,107510.0,87962.7,97483.9,98760.2,97693.7,97693.8,193544176,70.2,0.0001,UTC+8,"[0.0007, 0.0348, -0.036, 0.5583, 0.7527, 1.246]","[0.0005, -0.0048, 0.0007]"
1736074770100,BTC_USDT,97693.8,0.0007,97703.3,97736.4,381797667,3744740719.62516,107510.0,87962.7,97483.9,98760.2,97693.7,97693.8,193545592,70.3,0.0001,UTC+8,"[0.0007, 0.0348, -0.036, 0.5583, 0.7527, 1.246]","[0.0005, -0.0048, 0.0007]"
1736074772120,BTC_USDT,97693.8,0.0007,97703.3,97736.4,381857130,3745321636.09778,107510.0,87962.7,97483.9,98760.2,97693.7,97693.8,193715264,70.3,0.0001,UTC+8,"[0.0007, 0.0348, -0.036, 0.5583, 0.7527, 1.246]","[0.0005, -0.0048, 0.0007]"
1736074774119,BTC_USDT,97693.8,0.0007,97703.3,97736.4,381857452,3745324781.83804,107510.0,87962.7,97483.9,98760.2,97693.7,97693.8,193716512,70.3,0.0001,UTC+8,"[0.0007, 0.0348, -0.036, 0.5583, 0.7527, 1.246]","[0.0005, -0.0048, 0.0007]"
1736074777122,BTC_USDT,97693.7,0.0007,97703.1,97736.3,381857588,3745326110.47246,107509.9,87962.6,97483.9,98760.2,97693.7,97693.8,193716512,70.2,0.0001,UTC+8,"[0.0007, 0.0348, -0.036, 0.5583, 0.7527, 1.246]","[0.0005, -0.0048, 0.0007]"
1736074779122,BTC_USDT,97693.8,0.0007,97703.1,97736.3,381857612,3745326344.93745,107509.9,87962.6,97483.9,98760.2,97693.7,97693.8,193716516,70.3,0.0001,UTC+8,"[0.0007, 0.0348, -0.036, 0.5583, 0.7527, 1.246]","[0.0005, -0.0048, 0.0007]"
1736074781124,BTC_USDT,97693.8,0.0007,97703.0,97736.3,381857708,3745327282.79762,107509.9,87962.6,97483.9,98760.2,97693.7,97693.8,193716732,70.3,0.0001,UTC+8,"[0.0007, 0.0348, -0.036, 0.5583, 0.7527, 1.246]","[0.0005, -0.0048, 0.0007]"
1736074783128,BTC_USDT,97693.8,0.0007,97703.0,97736.3,381857792,3745328103.42477,107509.9,87962.6,97483.9,98760.2,97693.7,97693.8,193717000,70.3,0.0001,UTC+8,"[0.0007, 0.0348, -0.036, 0.5583, 0.7527, 1.246]","[0.0005, -0.0048, 0.0007]"
1736074786160,BTC_USDT,97693.7,0.0007,97703.0,97736.3,381857861,3745328777.5116,107509.9,87962.6,97483.9,98760.2,97693.7,97693.8,193717008,70.2,0.0001,UTC+8,"[0.0007, 0.0348, -0.036, 0.5583, 0.7527, 1.246]","[0.0005, -0.0048, 0.0007]"
1736074788113,BTC_USDT,97693.7,0.0007,97703.0,97736.3,381857892,3745329080.36228,107509.9,87962.6,97483.9,98760.2,97693.7,97693.8,193717008,70.2,0.0001,UTC+8,"[0.0007, 0.0348, -0.036, 0.5583, 0.7527, 1.246]","[0.0005, -0.0048, 0.0007]"
1736074790114,BTC_USDT,97693.7,0.0007,97702.9,97736.3,381857910,3745329256.21099,107509.9,87962.6,97483.9,98760.2,97693.7,97693.8,193717008,70.2,0.0001,UTC+8,"[0.0007, 0.0348, -0.036, 0.5583, 0.7527, 1.246]","[0.0005, -0.0048, 0.0007]"
1736074793124,BTC_USDT,97693.8,0.0007,97702.9,97736.3,381860699,3745356502.99975,107509.9,87962.6,97483.9,98760.2,97693.7,97693.8,193723140,70.3,0.0001,UTC+8,"[0.0007, 0.0348, -0.036, 0.5583, 0.7527, 1.246]","[0.0005, -0.0048, 0.0007]"
1736074795113,BTC_USDT,97693.8,0.0007,97702.9,97736.3,381861518,3745364504.11387,107509.9,87962.6,97483.9,98760.2,97693.7,97693.8,193723140,70.3,0.0001,UTC+8,"[0.0007, 0.0348, -0.036, 0.5583, 0.7527, 1.246]","[0.0005, -0.0048, 0.0007]"
1736074797119,BTC_USDT,97693.7,0.0007,97702.9,97736.3,381861562,3745364933.96625,107509.9,87962.6,97483.9,98760.2,97693.7,97693.8,193723160,70.2,0.0001,UTC+8,"[0.0007, 0.0348, -0.036, 0.5583, 0.7527, 1.246]","[0.0005, -0.0048, 0.0007]"
1736074800159,BTC_USDT,97693.8,-0.003,97702.8,97736.3,369828927,3627806611.41169,107509.9,87962.6,97483.9,98760.2,97693.7,97693.8,193723176,-298.1,0.0001,UTC+8,"[-0.003, 0.0348, -0.036, 0.5583, 0.7527, 1.246]","[-0.0004, -0.0068, -0.003]"
1736074802140,BTC_USDT,97693.8,0.0007,97702.8,97736.3,369835011,3627866048.27313,107509.9,87962.6,97483.9,98760.2,97693.7,97693.8,193741952,70.3,0.0001,UTC+8,"[0.0007, 0.0348, -0.036, 0.5583, 0.7527, 1.246]","[-0.0004, -0.0048, 0.0007]"
1736074804115,BTC_USDT,97682.4,0.0006,97692.7,97726.3,369844428,3627958038.95077,107498.9,87953.6,97483.9,98760.2,97682.3,97682.4,193748052,58.9,0.0001,UTC+8,"[0.0006, 0.0346, -0.0361, 0.5581, 0.7525, 1.2458]","[-0.0005, -0.0049, 0.0006]"
1736074806111,BTC_USDT,97671.1,0.0004,97687.0,97712.7,369847281,3627985905.23014,107483.9,87941.4,97483.9,98760.2,97667.6,97667.7,193751360,47.6,0.0001,UTC+8,"[0.0004, 0.0345, -0.0362, 0.5579, 0.7523, 1.2455]","[-0.0007, -0.0051, 0.0004]"
1736074809109,BTC_USDT,97667.6,0.0004,97678.7,97712.3,369849506,3628007636.52577,107483.5,87941.0,97483.9,98760.2,97667.6,97667.7,193753272,44.1,0.0001,UTC+8,"[0.0004, 0.0345, -0.0363, 0.5579, 0.7523, 1.2454]","[-0.0007, -0.0051, 0.0004]"
1736074811117,BTC_USDT,97667.6,0.0004,97678.6,97712.3,369850183,3628014248.62885,107483.5,87941.0,97483.9,98760.2,97667.6,97667.7,193753220,44.1,0.0001,UTC+8,"[0.0004, 0.0345, -0.0363, 0.5579, 0.7523, 1.2454]","[-0.0007, -0.0051, 0.0004]"
1736074813116,BTC_USDT,97667.1,0.0004,97678.6,97712.3,369852041,3628032395.22523,107483.5,87941.0,97483.9,98760.2,97667.0,97667.1,193753704,43.6,0.0001,UTC+8,"[0.0004, 0.0345, -0.0363, 0.5579, 0.7522, 1.2454]","[-0.0007, -0.0051, 0.0004]"
1736074816109,BTC_USDT,97667.1,0.0004,97675.5,97709.3,369853125,3628042982.33591,107480.2,87938.3,97483.9,98760.2,97665.5,97665.6,193754876,43.6,0.0001,UTC+8,"[0.0004, 0.0345, -0.0363, 0.5579, 0.7522, 1.2454]","[-0.0007, -0.0051, 0.0004]"
1736074818117,BTC_USDT,97660.5,0.0003,97675.2,97709.0,369853588,3628047504.19073,107479.9,87938.1,97483.9,98760.2,97660.4,97660.5,193755108,37.0,0.0001,UTC+8,"[0.0003, 0.0344, -0.0364, 0.5578, 0.7521, 1.2453]","[-0.0008, -0.0052, 0.0003]"
1736074820112,BTC_USDT,97660.4,0.0003,97673.8,97707.7,369856410,3628075063.96371,107478.4,87936.9,97483.9,98760.2,97660.4,97660.5,193763156,36.9,0.0001,UTC+8,"[0.0003, 0.0344, -0.0364, 0.5578, 0.7521, 1.2453]","[-0.0008, -0.0052, 0.0003]"
1736074822119,BTC_USDT,97660.5,0.0003,97673.8,97707.7,369857819,3628088824.31924,107478.4,87936.9,97483.9,98760.2,97660.4,97660.5,193764612,37.0,0.0001,UTC+8,"[0.0003, 0.0344, -0.0364, 0.5578, 0.7521, 1.2453]","[-0.0008, -0.0052, 0.0003]"
1736074825116,BTC_USDT,97660.5,0.0003,97673.7,97707.7,369858649,3628096930.13789,107478.4,87936.9,97483.9,98760.2,97660.4,97660.5,193765724,37.0,0.0001,UTC+8,"[0.0003, 0.0344, -0.0364, 0.5578, 0.7521, 1.2453]","[-0.0008, -0.0052, 0.0003]"
1736074827123,BTC_USDT,97660.5,0.0003,97673.6,97707.7,369860050,3628110612.36659,107478.4,87936.9,97483.9,98760.2,97667.4,97667.5,193767656,37.0,0.0001,UTC+8,"[0.0003, 0.0344, -0.0364, 0.5578, 0.7521, 1.2453]","[-0.0008, -0.0052, 0.0003]"
1736074829117,BTC_USDT,97670.0,0.0004,97674.2,97708.3,369860220,3628112272.71436,107479.1,87937.4,97483.9,98760.2,97678.4,97678.5,193768096,46.5,0.0001,UTC+8,"[0.0004, 0.0345, -0.0363, 0.5579, 0.7523, 1.2455]","[-0.0007, -0.0051, 0.0004]"
1736074832120,BTC_USDT,97678.5,0.0005,97678.5,97708.7,369865898,3628167734.52494,107479.5,87937.8,97483.9,98760.2,97681.5,97690.2,193783996,55.0,0.0001,UTC+8,"[0.0005, 0.0346, -0.0362, 0.5581, 0.7524, 1.2457]","[-0.0006, -0.005, 0.0005]"
1736074834117,BTC_USDT,97693.4,0.0007,97693.3,97727.0,369866919,3628177708.80094,107499.7,87954.3,97483.9,98760.2,97693.3,97693.4,193784000,69.9,0.0001,UTC+8,"[0.0007, 0.0348, -0.036, 0.5583, 0.7527, 1.246]","[-0.0004, -0.0048, 0.0007]"
1736074836113,BTC_USDT,97693.7,0.0007,97693.6,97727.3,369867997,3628188240.18177,107500.0,87954.5,97483.9,98760.2,97693.6,97693.7,193788248,70.2,0.0001,UTC+8,"[0.0007, 0.0348, -0.036, 0.5583, 0.7527, 1.246]","[-0.0004, -0.0048, 0.0007]"
1736074839115,BTC_USDT,97693.7,0.0007,97693.7,97727.3,369869146,3628199465.18016,107500.0,87954.5,97483.9,98760.2,97693.6,97693.7,193789292,70.2,0.0001,UTC+8,"[0.0007, 0.0348, -0.036, 0.5583, 0.7527, 1.246]","[-0.0004, -0.0048, 0.0007]"
1736074841122,BTC_USDT,97693.7,0.0007,97693.7,97727.3,369869396,3628201907.52251,107500.0,87954.5,97483.9,98760.2,97693.6,97693.7,193790192,70.2,0.0001,UTC+8,"[0.0007, 0.0348, -0.036, 0.5583, 0.7527, 1.246]","[-0.0004, -0.0048, 0.0007]"
1736074843134,BTC_USDT,97693.6,0.0007,97693.6,97727.3,369871304,3628220547.46144,107500.0,87954.5,97483.9,98760.2,97691.7,97691.8,193795712,70.1,0.0001,UTC+8,"[0.0007, 0.0348, -0.036, 0.5583, 0.7527, 1.246]","[-0.0004, -0.0048, 0.0007]"
1736074845125,BTC_USDT,97688.8,0.0006,97693.2,97727.3,369871985,3628227200.07196,107500.0,87954.5,97483.9,98760.2,97688.7,97688.8,193796104,65.3,0.0001,UTC+8,"[0.0006, 0.0347, -0.0361, 0.5582, 0.7526, 1.2459]","[-0.0005, -0.0049, 0.0006]"
1736074848154,BTC_USDT,97688.7,0.0006,97693.0,97727.2,369873883,3628245741.40067,107499.9,87954.4,97483.9,98760.2,97688.7,97688.8,193744052,65.2,0.0001,UTC+8,"[0.0006, 0.0347, -0.0361, 0.5582, 0.7526, 1.2459]","[-0.0005, -0.0049, 0.0006]"
1736074850121,BTC_USDT,97688.8,0.0006,97692.9,97727.2,369875684,3628263335.13829,107499.9,87954.4,97483.9,98760.2,97688.7,97688.8,193747920,65.3,0.0001,UTC+8,"[0.0006, 0.0347, -0.0361, 0.5582, 0.7526, 1.2459]","[-0.0005, -0.0049, 0.0006]"
1736074852121,BTC_USDT,97688.8,0.0006,97692.5,97726.9,369878819,3628293960.56878,107499.5,87954.2,97483.9,98760.2,97688.7,97688.8,193752516,65.3,0.0001,UTC+8,"[0.0006, 0.0347, -0.0361, 0.5582, 0.7526, 1.2459]","[-0.0005, -0.0049, 0.0006]"
1736074855149,BTC_USDT,97688.7,0.0006,97692.5,97726.9,369885485,3628359079.92189,107499.5,87954.2,97483.9,98760.2,97688.7,97688.8,193778008,65.2,0.0001,UTC+8,"[0.0006, 0.0347, -0.0361, 0.5582, 0.7526, 1.2459]","[-0.0005, -0.0049, 0.0006]"
1736074857121,BTC_USDT,97688.8,0.0006,97692.5,97726.9,369888054,3628384176.17453,107499.5,87954.2,97483.9,98760.2,97688.7,97688.8,193778024,65.3,0.0001,UTC+8,"[0.0006, 0.0347, -0.0361, 0.5582, 0.7526, 1.2459]","[-0.0005, -0.0049, 0.0006]"
1736074859120,BTC_USDT,97688.8,0.0006,97692.4,97726.9,369889926,3628402463.50976,107499.5,87954.2,97483.9,98760.2,97688.7,97688.8,193782228,65.3,0.0001,UTC+8,"[0.0006, 0.0347, -0.0361, 0.5582, 0.7526, 1.2459]","[-0.0005, -0.0049, 0.0006]"
1736074861124,BTC_USDT,97688.8,0.0006,97692.4,97726.9,369890628,3628409321.25874,107499.5,87954.2,97483.9,98760.2,97688.7,97688.8,193782228,65.3,0.0001,UTC+8,"[0.0006, 0.0347, -0.0361, 0.5582, 0.7526, 1.2459]","[-0.0005, -0.0049, 0.0006]"
1736074864119,BTC_USDT,97688.8,0.0006,97692.3,97726.9,369893454,3628436928.11341,107499.5,87954.2,97483.9,98760.2,97688.7,97688.8,193782388,65.3,0.0001,UTC+8,"[0.0006, 0.0347, -0.0361, 0.5582, 0.7526, 1.2459]","[-0.0005, -0.0049, 0.0006]"
1736074866120,BTC_USDT,97688.8,0.0006,97688.7,97718.0,369893474,3628437123.4909,107489.8,87946.2,97483.9,98760.2,97688.7,97688.8,193782388,65.3,0.0001,UTC+8,"[0.0006, 0.0347, -0.0361, 0.5582, 0.7526, 1.2459]","[-0.0005, -0.0049, 0.0006]"
1736074868116,BTC_USDT,97688.7,0.0006,97688.7,97718.0,369893586,3628438217.60516,107489.8,87946.2,97483.9,98760.2,97688.7,97688.8,193782728,65.2,0.0001,UTC+8,"[0.0006, 0.0347, -0.0361, 0.5582, 0.7526, 1.2459]","[-0.0005, -0.0049, 0.0006]"
1736074871122,BTC_USDT,97688.6,0.0006,97688.6,97718.0,369901127,3628511884.65079,107489.8,87946.2,97483.9,98760.2,97688.6,97688.7,193803396,65.1,0.0001,UTC+8,"[0.0006, 0.0347, -0.0361, 0.5582, 0.7526, 1.2459]","[-0.0005, -0.0049, 0.0006]"
1736074873120,BTC_USDT,97688.6,0.0006,97688.7,97718.0,369901205,3628512646.62237,107489.8,87946.2,97483.9,98760.2,97688.6,97688.7,193803472,65.1,0.0001,UTC+8,"[0.0006, 0.0347, -0.0361, 0.5582, 0.7526, 1.2459]","[-0.0005, -0.0049, 0.0006]"
1736074875118,BTC_USDT,97688.6,0.0006,97688.6,97718.0,369901378,3628514336.63527,107489.8,87946.2,97483.9,98760.2,97688.6,97688.7,193803472,65.1,0.0001,UTC+8,"[0.0006, 0.0347, -0.0361, 0.5582, 0.7526, 1.2459]","[-0.0005, -0.0049, 0.0006]"
1736074877117,BTC_USDT,97688.6,0.0006,97688.6,97718.0,369903354,3628533639.9031,107489.8,87946.2,97483.9,98760.2,97688.6,97688.7,193803580,65.1,0.0001,UTC+8,"[0.0006, 0.0347, -0.0361, 0.5582, 0.7526, 1.2459]","[-0.0005, -0.0049, 0.0006]"
1736074880124,BTC_USDT,97688.7,0.0006,97688.6,97717.9,369905173,3628551409.46476,107489.6,87946.1,97483.9,98760.2,97688.6,97688.7,193803584,65.2,0.0001,UTC+8,"[0.0006, 0.0347, -0.0361, 0.5582, 0.7526, 1.2459]","[-0.0005, -0.0049, 0.0006]"
1736074882122,BTC_USDT,97688.6,0.0006,97688.7,97717.8,369905365,3628553285.08741,107489.5,87946.0,97483.9,98760.2,97688.6,97688.7,193803584,65.1,0.0001,UTC+8,"[0.0006, 0.0347, -0.0361, 0.5582, 0.7526, 1.2459]","[-0.0005, -0.0049, 0.0006]"
1736074884123,BTC_USDT,97688.6,0.0006,97688.6,97717.7,369905606,3628555639.38276,107489.4,87945.9,97483.9,98760.2,97688.5,97688.6,193803584,65.1,0.0001,UTC+8,"[0.0006, 0.0347, -0.0361, 0.5582, 0.7526, 1.2459]","[-0.0005, -0.0049, 0.0006]"
1736074887124,BTC_USDT,97688.5,0.0006,97688.5,97717.7,369906154,3628560992.71658,107489.4,87945.9,97483.9,98760.2,97688.5,97688.6,193803584,65.0,0.0001,UTC+8,"[0.0006, 0.0347, -0.0361, 0.5582, 0.7526, 1.2459]","[-0.0005, -0.0049, 0.0006]"
1736074889123,BTC_USDT,97688.3,0.0006,97688.4,97717.7,369906190,3628561344.39461,107489.4,87945.9,97483.9,98760.2,97688.3,97688.4,193803584,64.8,0.0001,UTC+8,"[0.0006, 0.0347, -0.0361, 0.5582, 0.7526, 1.2459]","[-0.0005, -0.0049, 0.0006]"
1736074891120,BTC_USDT,97688.3,0.0006,97688.4,97717.7,369906512,3628564489.9592,107489.4,87945.9,97483.9,98760.2,97688.3,97688.4,193803772,64.8,0.0001,UTC+8,"[0.0006, 0.0347, -0.0361, 0.5582, 0.7526, 1.2459]","[-0.0005, -0.0049, 0.0006]"
1736074894118,BTC_USDT,97688.4,0.0006,97688.3,97717.8,369906575,3628565105.3961,107489.5,87946.0,97483.9,98760.2,97688.3,97688.4,193803952,64.9,0.0001,UTC+8,"[0.0006, 0.0347, -0.0361, 0.5582, 0.7526, 1.2459]","[-0.0005, -0.0049, 0.0006]"
1736074896115,BTC_USDT,97688.4,0.0006,97688.4,97718.0,369906781,3628567117.77648,107489.8,87946.2,97483.9,98760.2,97688.3,97688.4,193804496,64.9,0.0001,UTC+8,"[0.0006, 0.0347, -0.0361, 0.5582, 0.7526, 1.2459]","[-0.0005, -0.0049, 0.0006]"
1736074898118,BTC_USDT,97688.3,0.0006,97688.4,97718.0,369906805,3628567352.2285,107489.8,87946.2,97483.9,98760.2,97688.3,97688.4,193804496,64.8,0.0001,UTC+8,"[0.0006, 0.0347, -0.0361, 0.5582, 0.7526, 1.2459]","[-0.0005, -0.0049, 0.0006]"
1736074900118,BTC_USDT,97688.3,0.0006,97688.3,97718.0,369906847,3628567762.51966,107489.8,87946.2,97483.9,98760.2,97688.3,97688.4,193804496,64.8,0.0001,UTC+8,"[0.0006, 0.0347, -0.0361, 0.5582, 0.7526, 1.2459]","[-0.0005, -0.0049, 0.0006]"
1736074903118,BTC_USDT,97688.4,0.0006,97688.3,97717.9,369907184,3628571054.61808,107489.6,87946.1,97483.9,98760.2,97688.3,97688.4,193804604,64.9,0.0001,UTC+8,"[0.0006, 0.0347, -0.0361, 0.5582, 0.7526, 1.2459]","[-0.0005, -0.0049, 0.0006]"
1736074905111,BTC_USDT,97688.3,0.0006,97688.3,97717.9,369909611,3628594763.58591,107489.6,87946.1,97483.9,98760.2,97688.3,97688.4,193801392,64.8,0.0001,UTC+8,"[0.0006, 0.0347, -0.0361, 0.5582, 0.7526, 1.2459]","[-0.0005, -0.0049, 0.0006]"
1736074907114,BTC_USDT,97688.3,0.0006,97688.3,97717.9,369910381,3628602285.59127,107489.6,87946.1,97483.9,98760.2,97688.3,97688.4,193803888,64.8,0.0001,UTC+8,"[0.0006, 0.0347, -0.0361, 0.5582, 0.7526, 1.2459]","[-0.0005, -0.0049, 0.0006]"
1736074909166,BTC_USDT,97685.1,0.0006,97686.0,97717.9,369912477,3628622760.92568,107489.6,87946.1,97483.9,98760.2,97685.0,97685.1,193808632,61.6,0.0001,UTC+8,"[0.0006, 0.0347, -0.0361, 0.5582, 0.7526, 1.2458]","[-0.0005, -0.0049, 0.0006]"
1736074912113,BTC_USDT,97685.1,0.0006,97685.1,97717.8,369913673,3628634444.05947,107489.5,87946.0,97483.9,98760.2,97685.0,97685.1,193808968,61.6,0.0001,UTC+8,"[0.0006, 0.0347, -0.0361, 0.5582, 0.7526, 1.2458]","[-0.0005, -0.0049, 0.0006]"
1736074914115,BTC_USDT,97685.0,0.0006,97685.1,97717.8,369913797,3628635655.35442,107489.5,87946.0,97483.9,98760.2,97685.0,97685.1,193808968,61.5,0.0001,UTC+8,"[0.0006, 0.0347, -0.0361, 0.5582, 0.7526, 1.2458]","[-0.0005, -0.0049, 0.0006]"
1736074916122,BTC_USDT,97685.1,0.0006,97685.1,97717.8,369913976,3628637403.91616,107489.5,87946.0,97483.9,98760.2,97685.0,97685.1,193808848,61.6,0.0001,UTC+8,"[0.0006, 0.0347, -0.0361, 0.5582, 0.7526, 1.2458]","[-0.0005, -0.0049, 0.0006]"
1736074919116,BTC_USDT,97681.5,0.0005,97683.0,97717.8,369921819,3628714017.91074,107489.5,87946.0,97483.9,98760.2,97681.4,97681.5,193828976,58.0,0.0001,UTC+8,"[0.0005, 0.0346, -0.0361, 0.5581, 0.7525, 1.2457]","[-0.0005, -0.005, 0.0005]"
1736074921116,BTC_USDT,97681.5,0.0005,97682.7,97717.8,369923528,3628730711.67893,107489.5,87946.0,97483.9,98760.2,97681.4,97681.5,193828976,58.0,0.0001,UTC+8,"[0.0005, 0.0346, -0.0361, 0.5581, 0.7525, 1.2457]","[-0.0005, -0.005, 0.0005]"
1736074923114,BTC_USDT,97681.4,0.0005,97682.7,97717.8,369928845,3628782648.91263,107489.5,87946.0,97483.9,98760.2,97681.4,97681.5,193844132,57.9,0.0001,UTC+8,"[0.0005, 0.0346, -0.0361, 0.5581, 0.7525, 1.2457]","[-0.0005, -0.005, 0.0005]"
1736074925115,BTC_USDT,97681.5,0.0005,97682.6,97717.8,369929671,3628790717.40005,107489.5,87946.0,97483.9,98760.2,97681.4,97681.5,193844424,58.0,0.0001,UTC+8,"[0.0005, 0.0346, -0.0361, 0.5581, 0.7525, 1.2457]","[-0.0005, -0.005, 0.0005]"
1736074928121,BTC_USDT,97677.7,0.0005,97682.0,97717.3,369929762,3628791606.29946,107489.0,87945.5,97483.9,98760.2,97677.7,97677.8,193844424,54.2,0.0001,UTC+8,"[0.0005, 0.0346, -0.0362, 0.558, 0.7524, 1.2457]","[-0.0006, -0.005, 0.0005]"
1736074930096,BTC_USDT,97677.8,0.0005,97681.8,97717.2,369929781,3628791791.88724,107488.9,87945.4,97483.9,98760.2,97677.7,97677.8,193844424,54.3,0.0001,UTC+8,"[0.0005, 0.0346, -0.0362, 0.5581, 0.7524, 1.2457]","[-0.0006, -0.005, 0.0005]"
1736074932117,BTC_USDT,97677.8,0.0005,97681.8,97717.2,369930733,3628801090.81101,107488.9,87945.4,97483.9,98760.2,97677.7,97677.8,193847092,54.3,0.0001,UTC+8,"[0.0005, 0.0346, -0.0362, 0.5581, 0.7524, 1.2457]","[-0.0006, -0.005, 0.0005]"
1736074935115,BTC_USDT,97677.7,0.0005,97681.7,97717.2,369931165,3628805310.48777,107488.9,87945.4,97483.9,98760.2,97677.7,97677.8,193848736,54.2,0.0001,UTC+8,"[0.0005, 0.0346, -0.0362, 0.558, 0.7524, 1.2457]","[-0.0006, -0.005, 0.0005]"
1736074937109,BTC_USDT,97677.8,0.0005,97681.6,97717.2,369931447,3628808065.0015,107488.9,87945.4,97483.9,98760.2,97677.7,97677.8,193848736,54.3,0.0001,UTC+8,"[0.0005, 0.0346, -0.0362, 0.5581, 0.7524, 1.2457]","[-0.0006, -0.005, 0.0005]"
1736074939118,BTC_USDT,97677.8,0.0005,97681.5,97717.2,369942718,3628918157.61744,107488.9,87945.4,97483.9,98760.2,97677.7,97677.8,193880816,54.3,0.0001,UTC+8,"[0.0005, 0.0346, -0.0362, 0.5581, 0.7524, 1.2457]","[-0.0006, -0.005, 0.0005]"
1736074941117,BTC_USDT,97677.8,0.0005,97681.4,97717.2,369942909,3628920023.26172,107488.9,87945.4,97483.9,98760.2,97677.4,97677.5,193880888,54.3,0.0001,UTC+8,"[0.0005, 0.0346, -0.0362, 0.5581, 0.7524, 1.2457]","[-0.0006, -0.005, 0.0005]"
1736074944117,BTC_USDT,97670.0,0.0004,97676.5,97711.7,369946197,3628952139.29587,107482.8,87940.5,97483.9,98760.2,97669.0,97669.1,193880888,46.5,0.0001,UTC+8,"[0.0004, 0.0345, -0.0363, 0.5579, 0.7523, 1.2455]","[-0.0007, -0.0051, 0.0004]"
1736074946117,BTC_USDT,97668.2,0.0004,97672.5,97708.4,369948671,3628976302.41905,107479.2,87937.5,97483.9,98760.2,97668.2,97668.3,193880928,44.7,0.0001,UTC+8,"[0.0004, 0.0345, -0.0363, 0.5579, 0.7523, 1.2454]","[-0.0007, -0.0051, 0.0004]"
1736074948119,BTC_USDT,97668.3,0.0004,97672.4,97708.4,369949821,3628987534.27154,107479.2,87937.5,97483.9,98760.2,97668.2,97668.3,193880928,44.8,0.0001,UTC+8,"[0.0004, 0.0345, -0.0363, 0.5579, 0.7523, 1.2454]","[-0.0007, -0.0051, 0.0004]"
1736074951118,BTC_USDT,97668.3,0.0004,97672.3,97708.4,369957231,3629059906.47616,107479.2,87937.5,97483.9,98760.2,97668.2,97668.3,193880928,44.8,0.0001,UTC+8,"[0.0004, 0.0345, -0.0363, 0.5579, 0.7523, 1.2454]","[-0.0007, -0.0051, 0.0004]"
1736074953118,BTC_USDT,97668.2,0.0004,97672.0,97708.3,369958592,3629073199.11842,107479.1,87937.4,97483.9,98760.2,97668.2,97668.3,193880992,44.7,0.0001,UTC+8,"[0.0004, 0.0345, -0.0363, 0.5579, 0.7523, 1.2454]","[-0.0007, -0.0051, 0.0004]"
1736074955118,BTC_USDT,97668.2,0.0004,97672.0,97708.3,369958601,3629073287.01985,107479.1,87937.4,97483.9,98760.2,97668.2,97668.3,193880992,44.7,0.0001,UTC+8,"[0.0004, 0.0345, -0.0363, 0.5579, 0.7523, 1.2454]","[-0.0007, -0.0051, 0.0004]"
1736074957118,BTC_USDT,97665.7,0.0004,97671.9,97708.3,369960707,3629093855.56096,107479.1,87937.4,97483.9,98760.2,97665.7,97665.8,193880992,42.2,0.0001,UTC+8,"[0.0004, 0.0345, -0.0363, 0.5579, 0.7522, 1.2454]","[-0.0007, -0.0051, 0.0004]"
1736074960118,BTC_USDT,97660.2,0.0003,97663.1,97699.7,369963698,3629123067.31463,107469.6,87929.7,97483.9,98760.2,97660.2,97660.3,193881348,36.7,0.0001,UTC+8,"[0.0003, 0.0344, -0.0364, 0.5578, 0.7521, 1.2453]","[-0.0008, -0.0052, 0.0003]"
1736074962120,BTC_USDT,97660.1,0.0003,97663.1,97699.7,369964416,3629130079.31197,107469.6,87929.7,97483.9,98760.2,97660.1,97660.2,193881348,36.6,0.0001,UTC+8,"[0.0003, 0.0344, -0.0364, 0.5578, 0.7521, 1.2453]","[-0.0008, -0.0052, 0.0003]"
1736074964120,BTC_USDT,97665.8,0.0004,97663.1,97699.9,369964534,3629131231.75874,107469.8,87929.9,97483.9,98760.2,97668.2,97668.3,193881748,42.3,0.0001,UTC+8,"[0.0004, 0.0345, -0.0363, 0.5579, 0.7522, 1.2454]","[-0.0007, -0.0051, 0.0004]"
1736074967120,BTC_USDT,97681.4,0.0005,97681.5,97711.8,369964912,3629134923.69001,107482.9,87940.6,97483.9,98760.2,97681.4,97681.5,193838808,57.9,0.0001,UTC+8,"[0.0005, 0.0346, -0.0361, 0.5581, 0.7525, 1.2457]","[-0.0005, -0.005, 0.0005]"
1736074969121,BTC_USDT,97681.8,0.0005,97681.7,97711.8,369965132,3629137072.68936,107482.9,87940.6,97483.9,98760.2,97681.7,97681.8,193839628,58.3,0.0001,UTC+8,"[0.0005, 0.0346, -0.0361, 0.5581, 0.7525, 1.2458]","[-0.0005, -0.005, 0.0005]"
1736074971155,BTC_USDT,97681.7,0.0005,97681.7,97711.8,369965582,3629141468.3685,107482.9,87940.6,97483.9,98760.2,97681.7,97681.8,193839628,58.2,0.0001,UTC+8,"[0.0005, 0.0346, -0.0361, 0.5581, 0.7525, 1.2458]","[-0.0005, -0.005, 0.0005]"
1736074973118,BTC_USDT,97681.7,0.0005,97681.8,97711.8,369966765,3629153024.11908,107482.9,87940.6,97483.9,98760.2,97681.7,97681.8,193843904,58.2,0.0001,UTC+8,"[0.0005, 0.0346, -0.0361, 0.5581, 0.7525, 1.2458]","[-0.0005, -0.005, 0.0005]"
1736074976117,BTC_USDT,97681.7,0.0005,97681.7,97711.8,370081636,3630275104.39246,107482.9,87940.6,97483.9,98760.2,97681.7,97681.8,194170928,58.2,0.0001,UTC+8,"[0.0005, 0.0346, -0.0361, 0.5581, 0.7525, 1.2458]","[-0.0005, -0.005, 0.0005]"
1736074978124,BTC_USDT,97681.8,0.0005,97681.8,97711.8,370081826,3630276960.34557,107482.9,87940.6,97483.9,98760.2,97684.0,97684.1,194170928,58.3,0.0001,UTC+8,"[0.0005, 0.0346, -0.0361, 0.5581, 0.7525, 1.2458]","[-0.0005, -0.005, 0.0005]"
1736074980121,BTC_USDT,97684.1,0.0006,97684.0,97714.5,370081893,3630277614.81522,107485.9,87943.0,97483.9,98760.2,97684.8,97684.9,194170928,60.6,0.0001,UTC+8,"[0.0006, 0.0347, -0.0361, 0.5582, 0.7525, 1.2458]","[-0.0005, -0.0049, 0.0006]"
1736074983118,BTC_USDT,97684.9,0.0006,97684.8,97716.2,370083840,3630296634.05922,107487.8,87944.5,97483.9,98760.2,97684.8,97684.9,194173208,61.4,0.0001,UTC+8,"[0.0006, 0.0347, -0.0361, 0.5582, 0.7526, 1.2458]","[-0.0005, -0.0049, 0.0006]"
1736074985117,BTC_USDT,97684.9,0.0006,97684.8,97716.9,370083948,3630297689.05539,107488.5,87945.2,97483.9,98760.2,97684.8,97684.9,194173264,61.4,0.0001,UTC+8,"[0.0006, 0.0347, -0.0361, 0.5582, 0.7526, 1.2458]","[-0.0005, -0.0049, 0.0006]"
1736074987123,BTC_USDT,97697.6,0.0007,97687.4,97724.4,370084271,3630300844.56875,107496.8,87951.9,97483.9,98760.2,97697.5,97697.6,194174312,74.1,0.0001,UTC+8,"[0.0007, 0.0348, -0.036, 0.5584, 0.7528, 1.2461]","[-0.0004, -0.0048, 0.0007]"
1736074989123,BTC_USDT,97697.5,0.0007,97697.5,97724.9,370084436,3630302456.57906,107497.3,87952.4,97483.9,98760.2,97697.5,97697.6,194174312,74.0,0.0001,UTC+8,"[0.0007, 0.0348, -0.036, 0.5584, 0.7528, 1.2461]","[-0.0004, -0.0048, 0.0007]"
1736074992118,BTC_USDT,97697.5,0.0007,97697.5,97727.6,370086179,3630319485.26561,107500.3,87954.8,97483.9,98760.2,97697.5,97697.6,194177596,74.0,0.0001,UTC+8,"[0.0007, 0.0348, -0.036, 0.5584, 0.7528, 1.2461]","[-0.0004, -0.0048, 0.0007]"
1736074994121,BTC_USDT,97697.5,0.0007,97697.5,97727.7,370086203,3630319719.73975,107500.4,87954.9,97483.9,98760.2,97697.5,97697.6,194177636,74.0,0.0001,UTC+8,"[0.0007, 0.0348, -0.036, 0.5584, 0.7528, 1.2461]","[-0.0004, -0.0048, 0.0007]"
1736074996123,BTC_USDT,97697.6,0.0007,97697.5,97727.8,370086299,3630320657.636,107500.5,87955.0,97483.9,98760.2,97698.9,97699.0,194177636,74.1,0.0001,UTC+8,"[0.0007, 0.0348, -0.036, 0.5584, 0.7528, 1.2461]","[-0.0004, -0.0048, 0.0007]"
1736074998128,BTC_USDT,97705.6,0.0008,97701.6,97736.8,370150370,3630946636.97117,107510.4,87963.1,97483.9,98760.2,97707.4,97707.5,194345704,82.1,0.0001,UTC+8,"[0.0008, 0.0349, -0.0359, 0.5585, 0.7529, 1.2463]","[-0.0003, -0.0047, 0.0008]"
1736075001166,BTC_USDT,97707.5,0.0008,97707.5,97737.0,370152457,3630967028.52625,107510.7,87963.3,97483.9,98760.2,97707.4,97707.5,194345920,84.0,0.0001,UTC+8,"[0.0008, 0.0349, -0.0359, 0.5585, 0.753, 1.2463]","[-0.0003, -0.0047, 0.0008]"
1736075003119,BTC_USDT,97707.5,0.0008,97707.4,97737.0,370152488,3630967331.41927,107510.7,87963.3,97483.9,98760.2,97707.4,97707.5,194345948,84.0,0.0001,UTC+8,"[0.0008, 0.0349, -0.0359, 0.5585, 0.753, 1.2463]","[-0.0003, -0.0047, 0.0008]"
1736075005117,BTC_USDT,97707.5,0.0008,97707.4,97737.0,370154696,3630988905.23389,107510.7,87963.3,97483.9,98760.2,97707.4,97707.5,194160208,84.0,0.0001,UTC+8,"[0.0008, 0.0349, -0.0359, 0.5585, 0.753, 1.2463]","[-0.0003, -0.0047, 0.0008]"
1736075008119,BTC_USDT,97707.5,0.0008,97707.5,97737.1,370163765,3631077516.13465,107510.8,87963.3,97483.9,98760.2,97707.4,97707.5,194183200,84.0,0.0001,UTC+8,"[0.0008, 0.0349, -0.0359, 0.5585, 0.753, 1.2463]","[-0.0003, -0.0047, 0.0008]"
1736075010119,BTC_USDT,97707.4,0.0008,97707.5,97737.1,370163818,3631078033.98419,107510.8,87963.3,97483.9,98760.2,97707.4,97707.5,194183192,83.9,0.0001,UTC+8,"[0.0008, 0.0349, -0.0359, 0.5585, 0.753, 1.2463]","[-0.0003, -0.0047, 0.0008]"
1736075012121,BTC_USDT,97707.4,0.0008,97707.5,97737.0,370164131,3631081092.22672,107510.7,87963.3,97483.9,98760.2,97707.4,97707.5,194184040,83.9,0.0001,UTC+8,"[0.0008, 0.0349, -0.0359, 0.5585, 0.753, 1.2463]","[-0.0003, -0.0047, 0.0008]"
1736075015121,BTC_USDT,97707.4,0.0008,97707.5,97737.1,370204316,3631473729.70059,107510.8,87963.3,97483.9,98760.2,97707.4,97707.5,194298472,83.9,0.0001,UTC+8,"[0.0008, 0.0349, -0.0359, 0.5585, 0.753, 1.2463]","[-0.0003, -0.0047, 0.0008]"
1736075017125,BTC_USDT,97707.4,0.0008,97707.4,97737.1,370205207,3631482435.43772,107510.8,87963.3,97483.9,98760.2,97707.4,97707.5,194301504,83.9,0.0001,UTC+8,"[0.0008, 0.0349, -0.0359, 0.5585, 0.753, 1.2463]","[-0.0003, -0.0047, 0.0008]"
1736075019124,BTC_USDT,97707.4,0.0008,97707.4,97737.1,370207666,3631506461.68748,107510.8,87963.3,97483.9,98760.2,97707.4,97707.5,194301504,83.9,0.0001,UTC+8,"[0.0008, 0.0349, -0.0359, 0.5585, 0.753, 1.2463]","[-0.0003, -0.0047, 0.0008]"
1736075021120,BTC_USDT,97707.5,0.0008,97707.4,97737.1,370216904,3631596723.8079,107510.8,87963.3,97483.9,98760.2,97707.4,97707.5,194301504,84.0,0.0001,UTC+8,"[0.0008, 0.0349, -0.0359, 0.5585, 0.753, 1.2463]","[-0.0003, -0.0047, 0.0008]"
1736075024122,BTC_USDT,97713.3,0.0009,97712.7,97737.3,370217170,3631599322.92141,107511.0,87963.5,97483.9,98760.2,97713.2,97713.3,194301512,89.8,0.0001,UTC+8,"[0.0009, 0.035, -0.0358, 0.5586, 0.7531, 1.2465]","[-0.0002, -0.0046, 0.0009]"
1736075026118,BTC_USDT,97713.2,0.0009,97713.2,97737.3,370217816,3631605635.20011,107511.0,87963.5,97483.9,98760.2,97713.2,97713.3,194301512,89.7,0.0001,UTC+8,"[0.0009, 0.035, -0.0358, 0.5586, 0.7531, 1.2465]","[-0.0002, -0.0046, 0.0009]"
1736075028133,BTC_USDT,97713.3,0.0009,97713.3,97737.3,370218156,3631608957.45006,107511.0,87963.5,97483.9,98760.2,97713.2,97713.3,194301944,89.8,0.0001,UTC+8,"[0.0009, 0.035, -0.0358, 0.5586, 0.7531, 1.2465]","[-0.0002, -0.0046, 0.0009]"
1736075030120,BTC_USDT,97713.3,0.0009,97713.3,97737.3,370218457,3631611898.61952,107511.0,87963.5,97483.9,98760.2,97713.2,97713.3,194301944,89.8,0.0001,UTC+8,"[0.0009, 0.035, -0.0358, 0.5586, 0.7531, 1.2465]","[-0.0002, -0.0046, 0.0009]"
1736075033114,BTC_USDT,97713.2,0.0009,97713.3,97740.0,370218651,3631613794.25624,107514.0,87966.0,97483.9,98760.2,97713.2,97713.3,194302364,89.7,0.0001,UTC+8,"[0.0009, 0.035, -0.0358, 0.5586, 0.7531, 1.2465]","[-0.0002, -0.0046, 0.0009]"
1736075035117,BTC_USDT,97713.3,0.0009,97713.2,97740.1,370218884,3631616070.97466,107514.1,87966.0,97483.9,98760.2,97714.4,97714.5,194302364,89.8,0.0001,UTC+8,"[0.0009, 0.035, -0.0358, 0.5586, 0.7531, 1.2465]","[-0.0002, -0.0046, 0.0009]"
1736075037116,BTC_USDT,97714.4,0.0009,97714.4,97740.3,370219040,3631617595.3207,107514.3,87966.2,97483.9,98760.2,97714.4,97714.5,194302564,90.9,0.0001,UTC+8,"[0.0009, 0.035, -0.0358, 0.5586, 0.7531, 1.2465]","[-0.0002, -0.0046, 0.0009]"
1736075040130,BTC_USDT,97714.4,0.0009,97714.4,97740.3,370219746,3631624493.95943,107514.3,87966.2,97483.9,98760.2,97714.4,97714.5,194302564,90.9,0.0001,UTC+8,"[0.0009, 0.035, -0.0358, 0.5586, 0.7531, 1.2465]","[-0.0002, -0.0046, 0.0009]"
1736075042152,BTC_USDT,97714.4,0.0009,97714.4,97740.3,370219825,3631625265.90347,107514.3,87966.2,97483.9,98760.2,97714.4,97714.5,194302680,90.9,0.0001,UTC+8,"[0.0009, 0.035, -0.0358, 0.5586, 0.7531, 1.2465]","[-0.0002, -0.0046, 0.0009]"
1736075044105,BTC_USDT,97714.4,0.0009,97714.4,97740.3,370221262,3631639307.47299,107514.3,87966.2,97483.9,98760.2,97714.4,97714.5,194306156,90.9,0.0001,UTC+8,"[0.0009, 0.035, -0.0358, 0.5586, 0.7531, 1.2465]","[-0.0002, -0.0046, 0.0009]"
1736075046116,BTC_USDT,97720.7,0.0009,97714.4,97742.8,370222248,3631648942.43614,107517.0,87968.5,97483.9,98760.2,97720.6,97720.7,194331784,97.2,0.0001,UTC+8,"[0.0009, 0.035, -0.0358, 0.5587, 0.7532, 1.2467]","[-0.0001, -0.0046, 0.0009]"
1736075049113,BTC_USDT,97713.5,0.0009,97713.6,97745.0,370253579,3631955096.97979,107519.5,87970.5,97483.9,98760.2,97713.5,97713.6,194393520,90.0,0.0001,UTC+8,"[0.0009, 0.035, -0.0358, 0.5586, 0.7531, 1.2465]","[-0.0002, -0.0046, 0.0009]"
1736075051117,BTC_USDT,97713.3,0.0009,97713.3,97744.9,370301596,3632424286.54588,107519.3,87970.4,97483.9,98760.2,97713.2,97713.3,194397012,89.8,0.0001,UTC+8,"[0.0009, 0.035, -0.0358, 0.5586, 0.7531, 1.2465]","[-0.0002, -0.0046, 0.0009]"
1736075053117,BTC_USDT,97713.2,0.0009,97713.2,97744.9,370310033,3632506727.2569,107519.3,87970.4,97483.9,98760.2,97713.2,97713.3,194397012,89.7,0.0001,UTC+8,"[0.0009, 0.035, -0.0358, 0.5586, 0.7531, 1.2465]","[-0.0002, -0.0046, 0.0009]"
1736075056148,BTC_USDT,97713.3,0.0009,97713.3,97744.9,370319058,3632594913.42847,107519.3,87970.4,97483.9,98760.2,97713.2,97713.3,194403184,89.8,0.0001,UTC+8,"[0.0009, 0.035, -0.0358, 0.5586, 0.7531, 1.2465]","[-0.0002, -0.0046, 0.0009]"
1736075058117,BTC_USDT,97713.2,0.0009,97713.3,97745.1,370319132,3632595636.50639,107519.6,87970.5,97483.9,98760.2,97712.0,97712.1,194557732,89.7,0.0001,UTC+8,"[0.0009, 0.035, -0.0358, 0.5586, 0.7531, 1.2465]","[-0.0002, -0.0046, 0.0009]"
1736075060114,BTC_USDT,97712.0,0.0009,97712.0,97745.1,370379526,3633185763.00579,107519.6,87970.5,97483.9,98760.2,97712.0,97712.1,194389944,88.5,0.0001,UTC+8,"[0.0009, 0.0349, -0.0358, 0.5586, 0.753, 1.2465]","[-0.0002, -0.0046, 0.0009]"
1736075062133,BTC_USDT,97712.1,0.0009,97712.1,97745.2,370379618,3633186661.9569,107519.7,87970.6,97483.9,98760.2,97712.0,97712.1,194389944,88.6,0.0001,UTC+8,"[0.0009, 0.035, -0.0358, 0.5586, 0.753, 1.2465]","[-0.0002, -0.0046, 0.0009]"
1736075065116,BTC_USDT,97712.1,0.0009,97712.1,97744.9,370397912,3633365416.29572,107519.3,87970.4,97483.9,98760.2,97712.0,97712.1,194391444,88.6,0.0001,UTC+8,"[0.0009, 0.035, -0.0358, 0.5586, 0.753, 1.2465]","[-0.0002, -0.0046, 0.0009]"
1736075067119,BTC_USDT,97710.5,0.0008,97712.1,97744.8,370397948,3633365768.0578,107519.2,87970.3,97483.9,98760.2,97710.5,97710.6,194391444,87.0,0.0001,UTC+8,"[0.0008, 0.0349, -0.0359, 0.5586, 0.753, 1.2464]","[-0.0003, -0.0047, 0.0008]"
1736075069115,BTC_USDT,97710.5,0.0008,97710.5,97744.8,370398037,3633366637.68161,107519.2,87970.3,97483.9,98760.2,97710.5,97710.6,194391484,87.0,0.0001,UTC+8,"[0.0008, 0.0349, -0.0359, 0.5586, 0.753, 1.2464]","[-0.0003, -0.0047, 0.0008]"
1736075072114,BTC_USDT,97710.5,0.0008,97710.5,97744.8,370398119,3633367438.908,107519.2,87970.3,97483.9,98760.2,97710.5,97710.6,194391528,87.0,0.0001,UTC+8,"[0.0008, 0.0349, -0.0359, 0.5586, 0.753, 1.2464]","[-0.0003, -0.0047, 0.0008]"
1736075074121,BTC_USDT,97710.6,0.0008,97710.5,97744.8,370398164,3633367878.60555,107519.2,87970.3,97483.9,98760.2,97710.5,97710.6,194391572,87.1,0.0001,UTC+8,"[0.0008, 0.0349, -0.0359, 0.5586, 0.753, 1.2464]","[-0.0003, -0.0047, 0.0008]"
1736075076117,BTC_USDT,97710.0,0.0008,97710.6,97744.8,370405807,3633442558.765,107519.2,87970.3,97483.9,98760.2,97710.0,97710.1,194413388,86.5,0.0001,UTC+8,"[0.0008, 0.0349, -0.0359, 0.5586, 0.753, 1.2464]","[-0.0003, -0.0047, 0.0008]"
1736075078117,BTC_USDT,97707.5,0.0008,97710.3,97744.8,370480599,3634173345.28722,107519.2,87970.3,97483.9,98760.2,97707.5,97707.6,194413392,84.0,0.0001,UTC+8,"[0.0008, 0.0349, -0.0359, 0.5585, 0.753, 1.2463]","[-0.0003, -0.0047, 0.0008]"
1736075081119,BTC_USDT,97707.6,0.0008,97710.4,97744.8,370510009,3634460703.10564,107519.2,87970.3,97483.9,98760.2,97707.5,97707.6,194413696,84.1,0.0001,UTC+8,"[0.0008, 0.0349, -0.0359, 0.5585, 0.753, 1.2463]","[-0.0003, -0.0047, 0.0008]"
1736075083118,BTC_USDT,97707.6,0.0008,97710.4,97744.8,370515330,3634512693.31859,107519.2,87970.3,97483.9,98760.2,97707.5,97707.6,194413696,84.1,0.0001,UTC+8,"[0.0008, 0.0349, -0.0359, 0.5585, 0.753, 1.2463]","[-0.0003, -0.0047, 0.0008]"
1736075085115,BTC_USDT,97707.6,0.0008,97710.4,97744.8,370515450,3634513865.80898,107519.2,87970.3,97483.9,98760.2,97707.5,97707.6,194413696,84.1,0.0001,UTC+8,"[0.0008, 0.0349, -0.0359, 0.5585, 0.753, 1.2463]","[-0.0003, -0.0047, 0.0008]"
1736075088116,BTC_USDT,97707.6,0.0008,97710.5,97744.8,370515747,3634516767.72298,107519.2,87970.3,97483.9,98760.2,97707.5,97707.6,194413940,84.1,0.0001,UTC+8,"[0.0008, 0.0349, -0.0359, 0.5585, 0.753, 1.2463]","[-0.0003, -0.0047, 0.0008]"
1736075090115,BTC_USDT,97712.1,0.0009,97711.0,97745.3,370515939,3634518643.7423,107519.8,87970.7,97483.9,98760.2,97713.2,97713.3,194413952,88.6,0.0001,UTC+8,"[0.0009, 0.035, -0.0358, 0.5586, 0.753, 1.2465]","[-0.0002, -0.0046, 0.0009]"
1736075092118,BTC_USDT,97713.3,0.0009,97713.3,97745.3,370515981,3634519054.13791,107519.8,87970.7,97483.9,98760.2,97713.2,97713.3,194413952,89.8,0.0001,UTC+8,"[0.0009, 0.035, -0.0358, 0.5586, 0.7531, 1.2465]","[-0.0002, -0.0046, 0.0009]"
1736075094118,BTC_USDT,97713.3,0.0009,97713.2,97745.3,370516061,3634519835.84391,107519.8,87970.7,97483.9,98760.2,97718.2,97718.3,194414100,89.8,0.0001,UTC+8,"[0.0009, 0.035, -0.0358, 0.5586, 0.7531, 1.2465]","[-0.0002, -0.0046, 0.0009]"
1736075097118,BTC_USDT,97718.2,0.0009,97718.3,97745.3,370516943,3634528454.59141,107519.8,87970.7,97483.9,98760.2,97718.2,97718.3,194414496,94.7,0.0001,UTC+8,"[0.0009, 0.035, -0.0358, 0.5587, 0.7532, 1.2466]","[-0.0002, -0.0046, 0.0009]"
1736075099120,BTC_USDT,97718.3,0.0009,97718.3,97745.3,370517359,3634532519.67184,107519.8,87970.7,97483.9,98760.2,97718.2,97718.3,194415252,94.8,0.0001,UTC+8,"[0.0009, 0.035, -0.0358, 0.5587, 0.7532, 1.2466]","[-0.0002, -0.0046, 0.0009]"
1736075101124,BTC_USDT,97718.2,0.0009,97718.3,97745.4,370517375,3634532676.021,107519.9,87970.8,97483.9,98760.2,97718.2,97718.3,194415268,94.7,0.0001,UTC+8,"[0.0009, 0.035, -0.0358, 0.5587, 0.7532, 1.2466]","[-0.0002, -0.0046, 0.0009]"
1736075104118,BTC_USDT,97718.2,0.0009,97718.2,97745.4,370517692,3634535773.69029,107519.9,87970.8,97483.9,98760.2,97718.2,97718.3,194415120,94.7,0.0001,UTC+8,"[0.0009, 0.035, -0.0358, 0.5587, 0.7532, 1.2466]","[-0.0002, -0.0046, 0.0009]"
1736075106118,BTC_USDT,97720.6,0.0009,97718.2,97749.7,370517956,3634538353.45415,107524.6,87974.7,97483.9,98760.2,97720.5,97720.6,194307848,97.1,0.0001,UTC+8,"[0.0009, 0.035, -0.0358, 0.5587, 0.7532, 1.2466]","[-0.0001, -0.0046, 0.0009]"
1736075108121,BTC_USDT,97722.8,0.001,97722.8,97749.8,370521142,3634569487.89281,107524.7,87974.8,97483.9,98760.2,97722.8,97722.9,194312456,99.3,0.0001,UTC+8,"[0.001, 0.0351, -0.0357, 0.5588, 0.7532, 1.2467]","[-0.0001, -0.0045, 0.001]"
1736075110119,BTC_USDT,97723.0,0.001,97723.0,97749.8,370532520,3634680677.19627,107524.7,87974.8,97483.9,98760.2,97723.0,97723.1,194312456,99.5,0.0001,UTC+8,"[0.001, 0.0351, -0.0357, 0.5588, 0.7532, 1.2467]","[-0.0001, -0.0045, 0.001]"
1736075113117,BTC_USDT,97723.1,0.001,97723.1,97749.9,370536418,3634718769.65572,107524.8,87974.9,97483.9,98760.2,97723.0,97723.1,194322156,99.6,0.0001,UTC+8,"[0.001, 0.0351, -0.0357, 0.5588, 0.7532, 1.2467]","[-0.0001, -0.0045, 0.001]"
1736075115117,BTC_USDT,97732.1,0.0011,97723.0,97759.9,370539625,3634750110.7599,107535.8,87983.9,97483.9,98760.2,97737.6,97737.7,194322432,108.6,0.0001,UTC+8,"[0.0011, 0.0352, -0.0356, 0.5589, 0.7534, 1.2469]","[0.0, -0.0044, 0.0011]"
1736075117119,BTC_USDT,97741.1,0.0012,97741.0,97767.5,370543414,3634787144.68583,107544.2,87990.7,97483.9,98760.2,97741.0,97741.1,194323500,117.6,0.0001,UTC+8,"[0.0012, 0.0353, -0.0356, 0.5591, 0.7536, 1.2471]","[0.0, -0.0044, 0.0012]"
1736075120119,BTC_USDT,97735.3,0.0011,97735.4,97766.8,370547380,3634825906.74651,107543.4,87990.1,97483.9,98760.2,97735.3,97735.4,194326932,111.8,0.0001,UTC+8,"[0.0011, 0.0352, -0.0356, 0.559, 0.7535, 1.247]","[0.0, -0.0044, 0.0011]"
1736075122121,BTC_USDT,97733.3,0.0011,97734.2,97766.8,370553710,3634887772.5184,107543.4,87990.1,97483.9,98760.2,97733.2,97733.3,194338004,109.8,0.0001,UTC+8,"[0.0011, 0.0352, -0.0356, 0.5589, 0.7534, 1.2469]","[0.0, -0.0044, 0.0011]"
1736075124251,BTC_USDT,97732.8,0.0011,97734.2,97766.7,370559470,3634944066.71364,107543.3,87990.0,97483.9,98760.2,97732.8,97732.9,194344200,109.3,0.0001,UTC+8,"[0.0011, 0.0352, -0.0356, 0.5589, 0.7534, 1.2469]","[0.0, -0.0044, 0.0011]"
1736075126119,BTC_USDT,97732.8,0.0011,97734.2,97766.7,370563590,3634984332.63408,107543.3,87990.0,97483.9,98760.2,97732.8,97732.9,194344528,109.3,0.0001,UTC+8,"[0.0011, 0.0352, -0.0356, 0.5589, 0.7534, 1.2469]","[0.0, -0.0044, 0.0011]"
1736075129120,BTC_USDT,97732.9,0.0011,97734.3,97766.7,370564791,3634996070.35414,107543.3,87990.0,97483.9,98760.2,97732.8,97732.9,194345152,109.4,0.0001,UTC+8,"[0.0011, 0.0352, -0.0356, 0.5589, 0.7534, 1.2469]","[0.0, -0.0044, 0.0011]"
1736075131125,BTC_USDT,97732.9,0.0011,97734.3,97766.7,370572810,3635074442.35163,107543.3,87990.0,97483.9,98760.2,97732.8,97732.9,194354648,109.4,0.0001,UTC+8,"[0.0011, 0.0352, -0.0356, 0.5589, 0.7534, 1.2469]","[0.0, -0.0044, 0.0011]"
1736075133119,BTC_USDT,97732.9,0.0011,97734.2,97766.6,370575265,3635098435.75932,107543.2,87989.9,97483.9,98760.2,97732.8,97732.9,194354696,109.4,0.0001,UTC+8,"[0.0011, 0.0352, -0.0356, 0.5589, 0.7534, 1.2469]","[0.0, -0.0044, 0.0011]"
1736075135117,BTC_USDT,97731.3,0.0011,97734.2,97766.6,370581166,3635156107.61148,107543.2,87989.9,97483.9,98760.2,97731.2,97731.3,194370964,107.8,0.0001,UTC+8,"[0.0011, 0.0352, -0.0357, 0.5589, 0.7534, 1.2469]","[0.0, -0.0045, 0.0011]"
1736075138121,BTC_USDT,97731.2,0.0011,97734.2,97766.6,370585730,3635200712.16357,107543.2,87989.9,97483.9,98760.2,97731.2,97731.3,194379264,107.7,0.0001,UTC+8,"[0.0011, 0.0352, -0.0357, 0.5589, 0.7534, 1.2469]","[0.0, -0.0045, 0.0011]"
1736075140118,BTC_USDT,97731.2,0.0011,97734.2,97766.6,370585902,3635202393.14136,107543.2,87989.9,97483.9,98760.2,97731.2,97731.3,194379812,107.7,0.0001,UTC+8,"[0.0011, 0.0352, -0.0357, 0.5589, 0.7534, 1.2469]","[0.0, -0.0045, 0.0011]"
1736075142119,BTC_USDT,97731.3,0.0011,97734.2,97766.6,370586568,3635208902.04497,107543.2,87989.9,97483.9,98760.2,97731.2,97731.3,194381136,107.8,0.0001,UTC+8,"[0.0011, 0.0352, -0.0357, 0.5589, 0.7534, 1.2469]","[0.0, -0.0045, 0.0011]"
1736075145117,BTC_USDT,97731.2,0.0011,97734.1,97766.6,370594706,3635288435.69833,107543.2,87989.9,97483.9,98760.2,97731.2,97731.3,194412124,107.7,0.0001,UTC+8,"[0.0011, 0.0352, -0.0357, 0.5589, 0.7534, 1.2469]","[0.0, -0.0045, 0.0011]"
1736075147119,BTC_USDT,97731.2,0.0011,97734.2,97766.6,370599194,3635332297.49987,107543.2,87989.9,97483.9,98760.2,97731.2,97731.3,194360096,107.7,0.0001,UTC+8,"[0.0011, 0.0352, -0.0357, 0.5589, 0.7534, 1.2469]","[0.0, -0.0045, 0.0011]"
1736075149120,BTC_USDT,97731.3,0.0011,97734.2,97766.6,370600032,3635340487.37801,107543.2,87989.9,97483.9,98760.2,97731.2,97731.3,194361372,107.8,0.0001,UTC+8,"[0.0011, 0.0352, -0.0357, 0.5589, 0.7534, 1.2469]","[0.0, -0.0045, 0.0011]"
1736075151113,BTC_USDT,97731.3,0.0011,97734.2,97766.6,370600515,3635345207.7972,107543.2,87989.9,97483.9,98760.2,97731.2,97731.3,194361564,107.8,0.0001,UTC+8,"[0.0011, 0.0352, -0.0357, 0.5589, 0.7534, 1.2469]","[0.0, -0.0045, 0.0011]"
1736075154114,BTC_USDT,97731.3,0.0011,97734.2,97766.6,370602804,3635367578.48335,107543.2,87989.9,97483.9,98760.2,97731.2,97731.3,194360768,107.8,0.0001,UTC+8,"[0.0011, 0.0352, -0.0357, 0.5589, 0.7534, 1.2469]","[0.0, -0.0045, 0.0011]"
1736075156113,BTC_USDT,97737.7,0.0011,97737.7,97766.8,370603270,3635372132.84235,107543.4,87990.1,97483.9,98760.2,97737.6,97737.7,194360768,114.2,0.0001,UTC+8,"[0.0011, 0.0352, -0.0356, 0.559, 0.7535, 1.247]","[0.0, -0.0044, 0.0011]"
1736075158122,BTC_USDT,97737.6,0.0011,97737.6,97766.8,370603304,3635372465.15035,107543.4,87990.1,97483.9,98760.2,97737.6,97737.7,194360784,114.1,0.0001,UTC+8,"[0.0011, 0.0352, -0.0356, 0.559, 0.7535, 1.247]","[0.0, -0.0044, 0.0011]"
1736075161110,BTC_USDT,97737.6,0.0011,97737.7,97766.7,370605623,3635395130.5077,107543.3,87990.0,97483.9,98760.2,97737.6,97737.7,194360784,114.1,0.0001,UTC+8,"[0.0011, 0.0352, -0.0356, 0.559, 0.7535, 1.247]","[0.0, -0.0044, 0.0011]"
1736075163114,BTC_USDT,97721.3,0.001,97731.3,97756.9,370605748,3635396352.11691,107532.5,87981.2,97483.9,98760.2,97721.3,97721.4,194361040,97.8,0.0001,UTC+8,"[0.001, 0.035, -0.0358, 0.5587, 0.7532, 1.2467]","[-0.0001, -0.0046, 0.001]"
1736075165108,BTC_USDT,97721.4,0.001,97724.8,97756.9,370609645,3635434434.13643,107532.5,87981.2,97483.9,98760.2,97721.3,97721.4,194372560,97.9,0.0001,UTC+8,"[0.001, 0.035, -0.0358, 0.5587, 0.7532, 1.2467]","[-0.0001, -0.0046, 0.001]"
1736075167120,BTC_USDT,97721.4,0.001,97724.8,97756.9,370609829,3635436232.20847,107532.5,87981.2,97483.9,98760.2,97721.3,97721.4,194372560,97.9,0.0001,UTC+8,"[0.001, 0.035, -0.0358, 0.5587, 0.7532, 1.2467]","[-0.0001, -0.0046, 0.001]"
1736075170117,BTC_USDT,97715.3,0.0009,97723.5,97755.7,370614453,3635481416.1253,107531.2,87980.1,97483.9,98760.2,97715.3,97715.4,194376740,91.8,0.0001,UTC+8,"[0.0009, 0.035, -0.0358, 0.5586, 0.7531, 1.2465]","[-0.0002, -0.0046, 0.0009]"
1736075172117,BTC_USDT,97714.4,0.0009,97721.8,97754.0,370616129,3635497793.08726,107529.4,87978.6,97483.9,98760.2,97714.4,97714.5,194380840,90.9,0.0001,UTC+8,"[0.0009, 0.035, -0.0358, 0.5586, 0.7531, 1.2465]","[-0.0002, -0.0046, 0.0009]"
1736075174119,BTC_USDT,97714.4,0.0009,97721.7,97754.0,370616904,3635505365.95771,107529.4,87978.6,97483.9,98760.2,97714.4,97714.5,194383172,90.9,0.0001,UTC+8,"[0.0009, 0.035, -0.0358, 0.5586, 0.7531, 1.2465]","[-0.0002, -0.0046, 0.0009]"
1736075177116,BTC_USDT,97690.0,0.0006,97709.4,97741.0,370634292,3635675268.05228,107515.1,87966.9,97483.9,98760.2,97680.0,97680.1,194432384,66.5,0.0001,UTC+8,"[0.0006, 0.0347, -0.0361, 0.5582, 0.7527, 1.2459]","[-0.0005, -0.0049, 0.0006]"
1736075179118,BTC_USDT,97680.1,0.0005,97693.3,97725.8,370639406,3635725221.619,107498.3,87953.2,97483.9,98760.2,97680.0,97680.1,194445124,56.6,0.0001,UTC+8,"[0.0005, 0.0346, -0.0362, 0.5581, 0.7525, 1.2457]","[-0.0006, -0.005, 0.0005]"
1736075181120,BTC_USDT,97678.1,0.0005,97693.0,97725.6,370639781,3635728884.61009,107498.1,87953.0,97483.9,98760.2,97678.1,97678.2,194447708,54.6,0.0001,UTC+8,"[0.0005, 0.0346, -0.0362, 0.5581, 0.7524, 1.2457]","[-0.0006, -0.005, 0.0005]"
1736075183115,BTC_USDT,97673.1,0.0005,97682.0,97714.7,370640568,3635736571.79549,107486.1,87943.2,97483.9,98760.2,97673.0,97673.1,194447744,49.6,0.0001,UTC+8,"[0.0005, 0.0345, -0.0362, 0.558, 0.7523, 1.2456]","[-0.0006, -0.005, 0.0005]"
1736075186146,BTC_USDT,97670.0,0.0004,97681.6,97714.5,370649767,3635826418.89329,107485.9,87943.0,97483.9,98760.2,97670.0,97670.1,194447888,46.5,0.0001,UTC+8,"[0.0004, 0.0345, -0.0363, 0.5579, 0.7523, 1.2455]","[-0.0007, -0.0051, 0.0004]"
1736075188113,BTC_USDT,97669.5,0.0004,97681.6,97714.5,370652020,3635848423.84918,107485.9,87943.0,97483.9,98760.2,97669.5,97669.6,194453612,46.0,0.0001,UTC+8,"[0.0004, 0.0345, -0.0363, 0.5579, 0.7523, 1.2455]","[-0.0007, -0.0051, 0.0004]"
1736075190111,BTC_USDT,97669.6,0.0004,97681.5,97714.5,370652114,3635849341.94282,107485.9,87943.0,97483.9,98760.2,97669.5,97669.6,194453852,46.1,0.0001,UTC+8,"[0.0004, 0.0345, -0.0363, 0.5579, 0.7523, 1.2455]","[-0.0007, -0.0051, 0.0004]"
1736075193113,BTC_USDT,97668.3,0.0004,97681.4,97714.5,370655706,3635884424.65696,107485.9,87943.0,97483.9,98760.2,97668.3,97668.4,194463108,44.8,0.0001,UTC+8,"[0.0004, 0.0345, -0.0363, 0.5579, 0.7523, 1.2454]","[-0.0007, -0.0051, 0.0004]"
1736075195113,BTC_USDT,97667.0,0.0004,97678.0,97711.2,370656259,3635889825.71465,107482.3,87940.0,97483.9,98760.2,97666.3,97666.4,194463312,43.5,0.0001,UTC+8,"[0.0004, 0.0345, -0.0363, 0.5579, 0.7522, 1.2454]","[-0.0007, -0.0051, 0.0004]"
1736075197116,BTC_USDT,97666.3,0.0004,97677.9,97711.2,370656849,3635895588.02992,107482.3,87940.0,97483.9,98760.2,97666.3,97666.4,194463312,42.8,0.0001,UTC+8,"[0.0004, 0.0345, -0.0363, 0.5579, 0.7522, 1.2454]","[-0.0007, -0.0051, 0.0004]"
1736075199109,BTC_USDT,97666.3,0.0004,97677.8,97711.2,370657818,3635905051.89696,107482.3,87940.0,97483.9,98760.2,97666.3,97666.4,194466744,42.8,0.0001,UTC+8,"[0.0004, 0.0345, -0.0363, 0.5579, 0.7522, 1.2454]","[-0.0007, -0.0051, 0.0004]"
1736075202112,BTC_USDT,97666.3,0.0004,97677.6,97711.2,370658786,3635914505.99691,107482.3,87940.0,97483.9,98760.2,97666.3,97666.4,194397888,42.8,0.0001,UTC+8,"[0.0004, 0.0345, -0.0363, 0.5579, 0.7522, 1.2454]","[-0.0007, -0.0051, 0.0004]"
1736075204119,BTC_USDT,97666.3,0.0004,97677.4,97711.1,370659563,3635922094.67354,107482.2,87939.9,97483.9,98760.2,97666.3,97666.4,194406680,42.8,0.0001,UTC+8,"[0.0004, 0.0345, -0.0363, 0.5579, 0.7522, 1.2454]","[-0.0007, -0.0051, 0.0004]"
1736075206120,BTC_USDT,97666.3,0.0004,97677.1,97710.9,370663108,3635956717.38583,107481.9,87939.8,97483.9,98760.2,97666.3,97666.4,194409164,42.8,0.0001,UTC+8,"[0.0004, 0.0345, -0.0363, 0.5579, 0.7522, 1.2454]","[-0.0007, -0.0051, 0.0004]"
1736075209117,BTC_USDT,97666.4,0.0004,97677.0,97710.9,370663141,3635957039.68488,107481.9,87939.8,97483.9,98760.2,97666.3,97666.4,194409164,42.9,0.0001,UTC+8,"[0.0004, 0.0345, -0.0363, 0.5579, 0.7522, 1.2454]","[-0.0007, -0.0051, 0.0004]"
1736075211110,BTC_USDT,97666.3,0.0004,97676.9,97710.9,370663185,3635957469.41678,107481.9,87939.8,97483.9,98760.2,97666.3,97666.4,194409164,42.8,0.0001,UTC+8,"[0.0004, 0.0345, -0.0363, 0.5579, 0.7522, 1.2454]","[-0.0007, -0.0051, 0.0004]"
1736075213119,BTC_USDT,97666.4,0.0004,97677.0,97711.1,370663214,3635957752.64921,107482.2,87939.9,97483.9,98760.2,97666.3,97666.4,194409164,42.9,0.0001,UTC+8,"[0.0004, 0.0345, -0.0363, 0.5579, 0.7522, 1.2454]","[-0.0007, -0.0051, 0.0004]"
1736075215111,BTC_USDT,97666.4,0.0004,97676.9,97711.1,370669077,3636015014.44205,107482.2,87939.9,97483.9,98760.2,97666.3,97666.4,194425816,42.9,0.0001,UTC+8,"[0.0004, 0.0345, -0.0363, 0.5579, 0.7522, 1.2454]","[-0.0007, -0.0051, 0.0004]"
1736075218115,BTC_USDT,97666.3,0.0004,97675.5,97709.8,370669205,3636016264.57098,107480.7,87938.8,97483.9,98760.2,97666.3,97666.4,194425984,42.8,0.0001,UTC+8,"[0.0004, 0.0345, -0.0363, 0.5579, 0.7522, 1.2454]","[-0.0007, -0.0051, 0.0004]"
1736075220110,BTC_USDT,97666.4,0.0004,97674.0,97708.4,370669271,3636016909.16891,107479.2,87937.5,97483.9,98760.2,97666.3,97666.4,194426148,42.9,0.0001,UTC+8,"[0.0004, 0.0345, -0.0363, 0.5579, 0.7522, 1.2454]","[-0.0007, -0.0051, 0.0004]"
1736075222120,BTC_USDT,97666.4,0.0004,97673.3,97707.7,370669463,3636018784.36222,107478.4,87936.9,97483.9,98760.2,97666.3,97666.4,194426768,42.9,0.0001,UTC+8,"[0.0004, 0.0345, -0.0363, 0.5579, 0.7522, 1.2454]","[-0.0007, -0.0051, 0.0004]"
1736075225111,BTC_USDT,97666.4,0.0004,97672.2,97706.6,370669548,3636019614.52646,107477.2,87935.9,97483.9,98760.2,97666.3,97666.4,194426816,42.9,0.0001,UTC+8,"[0.0004, 0.0345, -0.0363, 0.5579, 0.7522, 1.2454]","[-0.0007, -0.0051, 0.0004]"
1736075227116,BTC_USDT,97666.3,0.0004,97672.1,97706.6,370674135,3636064414.07164,107477.2,87935.9,97483.9,98760.2,97666.3,97666.4,194426828,42.8,0.0001,UTC+8,"[0.0004, 0.0345, -0.0363, 0.5579, 0.7522, 1.2454]","[-0.0007, -0.0051, 0.0004]"
1736075229145,BTC_USDT,97666.0,0.0004,97672.1,97706.6,370674229,3636065332.13447,107477.2,87935.9,97483.9,98760.2,97666.0,97666.1,194426996,42.5,0.0001,UTC+8,"[0.0004, 0.0345, -0.0363, 0.5579, 0.7522, 1.2454]","[-0.0007, -0.0051, 0.0004]"
1736075231115,BTC_USDT,97666.0,0.0004,97672.1,97706.6,370674428,3636067275.68846,107477.2,87935.9,97483.9,98760.2,97666.0,97666.1,194426996,42.5,0.0001,UTC+8,"[0.0004, 0.0345, -0.0363, 0.5579, 0.7522, 1.2454]","[-0.0007, -0.0051, 0.0004]"
1736075234116,BTC_USDT,97666.1,0.0004,97672.1,97706.6,370674611,3636069062.97648,107477.2,87935.9,97483.9,98760.2,97666.0,97666.1,194427048,42.6,0.0001,UTC+8,"[0.0004, 0.0345, -0.0363, 0.5579, 0.7522, 1.2454]","[-0.0007, -0.0051, 0.0004]"
1736075236117,BTC_USDT,97666.1,0.0004,97672.1,97706.6,370674752,3636070440.06764,107477.2,87935.9,97483.9,98760.2,97666.0,97666.1,194427332,42.6,0.0001,UTC+8,"[0.0004, 0.0345, -0.0363, 0.5579, 0.7522, 1.2454]","[-0.0007, -0.0051, 0.0004]"
1736075238117,BTC_USDT,97662.0,0.0003,97665.4,97699.9,370678940,3636111342.26803,107469.8,87929.9,97483.9,98760.2,97660.1,97660.2,194427332,38.5,0.0001,UTC+8,"[0.0003, 0.0344, -0.0363, 0.5578, 0.7521, 1.2453]","[-0.0007, -0.0052, 0.0003]"
1736075241122,BTC_USDT,97654.9,0.0003,97664.5,97699.0,370689375,3636213247.83987,107468.9,87929.1,97483.9,98760.2,97654.9,97655.0,194451896,31.4,0.0001,UTC+8,"[0.0003, 0.0343, -0.0364, 0.5577, 0.752, 1.2451]","[-0.0008, -0.0052, 0.0003]"
1736075243117,BTC_USDT,97654.9,0.0003,97664.3,97698.8,370691251,3636231567.90314,107468.6,87928.9,97483.9,98760.2,97654.9,97655.0,194451896,31.4,0.0001,UTC+8,"[0.0003, 0.0343, -0.0364, 0.5577, 0.752, 1.2451]","[-0.0008, -0.0052, 0.0003]"
1736075245121,BTC_USDT,97655.0,0.0003,97664.3,97698.8,370696693,3636284711.71286,107468.6,87928.9,97483.9,98760.2,97654.9,97655.0,194454848,31.5,0.0001,UTC+8,"[0.0003, 0.0343, -0.0364, 0.5577, 0.752, 1.2451]","[-0.0008, -0.0052, 0.0003]"
1736075248122,BTC_USDT,97654.9,0.0003,97664.4,97699.0,370697358,3636291205.76593,107468.9,87929.1,97483.9,98760.2,97654.9,97655.0,194456256,31.4,0.0001,UTC+8,"[0.0003, 0.0343, -0.0364, 0.5577, 0.752, 1.2451]","[-0.0008, -0.0052, 0.0003]"
1736075250119,BTC_USDT,97654.9,0.0003,97664.4,97699.0,370698121,3636298656.84228,107468.9,87929.1,97483.9,98760.2,97654.9,97655.0,194456284,31.4,0.0001,UTC+8,"[0.0003, 0.0343, -0.0364, 0.5577, 0.752, 1.2451]","[-0.0008, -0.0052, 0.0003]"
1736075252118,BTC_USDT,97654.9,0.0003,97664.4,97699.0,370712607,3636440119.83333,107468.9,87929.1,97483.9,98760.2,97654.9,97655.0,194456284,31.4,0.0001,UTC+8,"[0.0003, 0.0343, -0.0364, 0.5577, 0.752, 1.2451]","[-0.0008, -0.0052, 0.0003]"
1736075254123,BTC_USDT,97654.9,0.0003,97664.3,97699.0,370714796,3636461496.50073,107468.9,87929.1,97483.9,98760.2,97654.9,97655.0,194460572,31.4,0.0001,UTC+8,"[0.0003, 0.0343, -0.0364, 0.5577, 0.752, 1.2451]","[-0.0008, -0.0052, 0.0003]"
1736075257120,BTC_USDT,97654.9,0.0003,97664.2,97698.9,370844435,3637727485.90092,107468.7,87929.0,97483.9,98760.2,97654.9,97655.0,194861104,31.4,0.0001,UTC+8,"[0.0003, 0.0343, -0.0364, 0.5577, 0.752, 1.2451]","[-0.0008, -0.0052, 0.0003]"
1736075259122,BTC_USDT,97654.9,0.0003,97664.2,97698.9,370859693,3637876487.74742,107468.7,87929.0,97483.9,98760.2,97654.9,97655.0,194861104,31.4,0.0001,UTC+8,"[0.0003, 0.0343, -0.0364, 0.5577, 0.752, 1.2451]","[-0.0008, -0.0052, 0.0003]"
1736075261121,BTC_USDT,97655.0,0.0003,97664.2,97698.9,370860338,3637882786.48934,107468.7,87929.0,97483.9,98760.2,97654.9,97655.0,194861656,31.5,0.0001,UTC+8,"[0.0003, 0.0343, -0.0364, 0.5577, 0.752, 1.2451]","[-0.0008, -0.0052, 0.0003]"
1736075263114,BTC_USDT,97654.9,0.0003,97664.1,97698.9,370866475,3637942717.34286,107468.7,87929.0,97483.9,98760.2,97654.9,97655.0,194807028,31.4,0.0001,UTC+8,"[0.0003, 0.0343, -0.0364, 0.5577, 0.752, 1.2451]","[-0.0008, -0.0052, 0.0003]"
1736075266124,BTC_USDT,97654.9,0.0003,97664.0,97698.9,370917180,3638437877.01345,107468.7,87929.0,97483.9,98760.2,97654.9,97655.0,195007028,31.4,0.0001,UTC+8,"[0.0003, 0.0343, -0.0364, 0.5577, 0.752, 1.2451]","[-0.0008, -0.0052, 0.0003]"
1736075268119,BTC_USDT,97655.0,0.0003,97664.0,97698.9,371056605,3639799431.65387,107468.7,87929.0,97483.9,98760.2,97654.9,97655.1,195007028,31.5,0.0001,UTC+8,"[0.0003, 0.0343, -0.0364, 0.5577, 0.752, 1.2451]","[-0.0008, -0.0052, 0.0003]"
1736075270120,BTC_USDT,97655.0,0.0003,97663.9,97698.9,371152716,3640738003.87989,107468.7,87929.0,97483.9,98760.2,97654.9,97655.0,195007440,31.5,0.0001,UTC+8,"[0.0003, 0.0343, -0.0364, 0.5577, 0.752, 1.2451]","[-0.0008, -0.0052, 0.0003]"
1736075273119,BTC_USDT,97655.0,0.0003,97663.7,97698.9,371156056,3640770620.61651,107468.7,87929.0,97483.9,98760.2,97654.9,97655.0,195007444,31.5,0.0001,UTC+8,"[0.0003, 0.0343, -0.0364, 0.5577, 0.752, 1.2451]","[-0.0008, -0.0052, 0.0003]"
1736075275118,BTC_USDT,97654.9,0.0003,97663.6,97698.9,371219005,3641385349.0626,107468.7,87929.0,97483.9,98760.2,97654.9,97655.0,195007444,31.4,0.0001,UTC+8,"[0.0003, 0.0343, -0.0364, 0.5577, 0.752, 1.2451]","[-0.0008, -0.0052, 0.0003]"
1736075277121,BTC_USDT,97655.0,0.0003,97663.7,97699.1,371219057,3641385856.86821,107469.0,87929.1,97483.9,98760.2,97654.9,97655.0,195007444,31.5,0.0001,UTC+8,"[0.0003, 0.0343, -0.0364, 0.5577, 0.752, 1.2451]","[-0.0008, -0.0052, 0.0003]"
1736075279123,BTC_USDT,97655.0,0.0003,97663.6,97699.1,371221818,3641412819.39617,107469.0,87929.1,97483.9,98760.2,97654.9,97655.0,195011716,31.5,0.0001,UTC+8,"[0.0003, 0.0343, -0.0364, 0.5577, 0.752, 1.2451]","[-0.0008, -0.0052, 0.0003]"
1736075282122,BTC_USDT,97655.0,0.0003,97663.6,97699.2,371225578,3641449537.66577,107469.1,87929.2,97483.9,98760.2,97654.9,97655.0,195012004,31.5,0.0001,UTC+8,"[0.0003, 0.0343, -0.0364, 0.5577, 0.752, 1.2451]","[-0.0008, -0.0052, 0.0003]"
1736075284121,BTC_USDT,97654.9,0.0003,97663.5,97699.2,371275623,3641938252.11287,107469.1,87929.2,97483.9,98760.2,97654.9,97655.0,195212004,31.4,0.0001,UTC+8,"[0.0003, 0.0343, -0.0364, 0.5577, 0.752, 1.2451]","[-0.0008, -0.0052, 0.0003]"
1736075286127,BTC_USDT,97655.0,0.0003,97663.4,97699.2,371275959,3641941533.31854,107469.1,87929.2,97483.9,98760.2,97654.9,97655.0,195212828,31.5,0.0001,UTC+8,"[0.0003, 0.0343, -0.0364, 0.5577, 0.752, 1.2451]","[-0.0008, -0.0052, 0.0003]"
1736075289119,BTC_USDT,97654.9,0.0003,97663.2,97699.1,371276111,3641943017.67372,107469.0,87929.1,97483.9,98760.2,97654.9,97655.0,195213672,31.4,0.0001,UTC+8,"[0.0003, 0.0343, -0.0364, 0.5577, 0.752, 1.2451]","[-0.0008, -0.0052, 0.0003]"
1736075291121,BTC_USDT,97655.0,0.0003,97663.2,97699.2,371277563,3641957197.17471,107469.1,87929.2,97483.9,98760.2,97654.9,97655.0,195217144,31.5,0.0001,UTC+8,"[0.0003, 0.0343, -0.0364, 0.5577, 0.752, 1.2451]","[-0.0008, -0.0052, 0.0003]"
1736075293120,BTC_USDT,97655.0,0.0003,97660.2,97696.3,371280061,3641981591.39203,107465.9,87926.6,97483.9,98760.2,97654.9,97655.0,195417664,31.5,0.0001,UTC+8,"[0.0003, 0.0343, -0.0364, 0.5577, 0.752, 1.2451]","[-0.0008, -0.0052, 0.0003]"
1736075295137,BTC_USDT,97655.0,0.0003,97660.1,97696.3,371347798,3642643076.86554,107465.9,87926.6,97483.9,98760.2,97654.9,97655.0,195417668,31.5,0.0001,UTC+8,"[0.0003, 0.0343, -0.0364, 0.5577, 0.752, 1.2451]","[-0.0008, -0.0052, 0.0003]"
1736075298121,BTC_USDT,97653.4,0.0003,97659.8,97696.1,371347908,3642644151.06753,107465.7,87926.4,97483.9,98760.2,97651.0,97651.1,195417872,29.9,0.0001,UTC+8,"[0.0003, 0.0343, -0.0364, 0.5577, 0.752, 1.2451]","[-0.0008, -0.0052, 0.0003]"
1736075300118,BTC_USDT,97650.1,0.0002,97658.4,97694.7,371357733,3642740094.3481,107464.1,87925.2,97483.9,98760.2,97650.1,97650.2,195426892,26.6,0.0001,UTC+8,"[0.0002, 0.0343, -0.0365, 0.5576, 0.7519, 1.245]","[-0.0009, -0.0053, 0.0002]"
1736075302120,BTC_USDT,97650.1,0.0002,97658.3,97694.7,371362312,3642784808.35567,107464.1,87925.2,97483.9,98760.2,97650.1,97650.2,195439820,26.6,0.0001,UTC+8,"[0.0002, 0.0343, -0.0365, 0.5576, 0.7519, 1.245]","[-0.0009, -0.0053, 0.0002]"
1736075305114,BTC_USDT,97650.2,0.0002,97658.1,97694.7,371363114,3642792639.90025,107464.1,87925.2,97483.9,98760.2,97650.1,97650.2,195440824,26.7,0.0001,UTC+8,"[0.0002, 0.0343, -0.0365, 0.5576, 0.7519, 1.245]","[-0.0009, -0.0053, 0.0002]"
1736075307116,BTC_USDT,97650.2,0.0002,97658.0,97694.7,371363173,3642793216.03604,107464.1,87925.2,97483.9,98760.2,97650.1,97650.2,195440824,26.7,0.0001,UTC+8,"[0.0002, 0.0343, -0.0365, 0.5576, 0.7519, 1.245]","[-0.0009, -0.0053, 0.0002]"
1736075309118,BTC_USDT,97650.2,0.0002,97657.9,97694.7,371372531,3642884597.01023,107464.1,87925.2,97483.9,98760.2,97650.1,97650.2,195440824,26.7,0.0001,UTC+8,"[0.0002, 0.0343, -0.0365, 0.5576, 0.7519, 1.245]","[-0.0009, -0.0053, 0.0002]"
1736075311117,BTC_USDT,97650.2,0.0002,97657.7,97694.6,371375199,3642910650.0823,107464.0,87925.1,97483.9,98760.2,97650.1,97650.2,195441140,26.7,0.0001,UTC+8,"[0.0002, 0.0343, -0.0365, 0.5576, 0.7519, 1.245]","[-0.0009, -0.0053, 0.0002]"
1736075314118,BTC_USDT,97650.2,0.0002,97654.2,97691.2,371375851,3642917016.87301,107460.3,87922.0,97483.9,98760.2,97650.1,97650.2,195442748,26.7,0.0001,UTC+8,"[0.0002, 0.0343, -0.0365, 0.5576, 0.7519, 1.245]","[-0.0009, -0.0053, 0.0002]"
1736075316117,BTC_USDT,97650.2,0.0002,97654.1,97691.2,371375884,3642917339.11855,107460.3,87922.0,97483.9,98760.2,97650.1,97650.2,195442748,26.7,0.0001,UTC+8,"[0.0002, 0.0343, -0.0365, 0.5576, 0.7519, 1.245]","[-0.0009, -0.0053, 0.0002]"
1736075318115,BTC_USDT,97650.1,0.0002,97654.1,97691.2,371375918,3642917671.12891,107460.3,87922.0,97483.9,98760.2,97650.1,97650.2,195442752,26.6,0.0001,UTC+8,"[0.0002, 0.0343, -0.0365, 0.5576, 0.7519, 1.245]","[-0.0009, -0.0053, 0.0002]"
1736075321117,BTC_USDT,97650.1,0.0002,97653.8,97691.1,371396625,3643119875.08585,107460.2,87921.9,97483.9,98760.2,97650.0,97650.1,195379160,26.6,0.0001,UTC+8,"[0.0002, 0.0343, -0.0365, 0.5576, 0.7519, 1.245]","[-0.0009, -0.0053, 0.0002]"
1736075323116,BTC_USDT,97650.1,0.0002,97653.8,97691.1,371397146,3643124962.65128,107460.2,87921.9,97483.9,98760.2,97650.0,97650.1,195380120,26.6,0.0001,UTC+8,"[0.0002, 0.0343, -0.0365, 0.5576, 0.7519, 1.245]","[-0.0009, -0.0053, 0.0002]"
1736075325106,BTC_USDT,97650.0,0.0002,97653.6,97691.0,371400792,3643160565.87337,107460.1,87921.9,97483.9,98760.2,97650.0,97650.1,195386524,26.5,0.0001,UTC+8,"[0.0002, 0.0343, -0.0365, 0.5576, 0.7519, 1.245]","[-0.0009, -0.0053, 0.0002]"
1736075327119,BTC_USDT,97650.1,0.0002,97653.4,97691.0,371401476,3643167245.13414,107460.1,87921.9,97483.9,98760.2,97650.0,97650.1,195386784,26.6,0.0001,UTC+8,"[0.0002, 0.0343, -0.0365, 0.5576, 0.7519, 1.245]","[-0.0009, -0.0053, 0.0002]"
1736075330110,BTC_USDT,97650.1,0.0002,97653.3,97691.0,371401831,3643170711.71131,107460.1,87921.9,97483.9,98760.2,97650.0,97650.1,195387060,26.6,0.0001,UTC+8,"[0.0002, 0.0343, -0.0365, 0.5576, 0.7519, 1.245]","[-0.0009, -0.0053, 0.0002]"
1736075332115,BTC_USDT,97650.1,0.0002,97653.1,97691.0,371401899,3643171375.73191,107460.1,87921.9,97483.9,98760.2,97650.0,97650.1,195386836,26.6,0.0001,UTC+8,"[0.0002, 0.0343, -0.0365, 0.5576, 0.7519, 1.245]","[-0.0009, -0.0053, 0.0002]"
1736075334108,BTC_USDT,97650.1,0.0002,97653.0,97691.0,371402026,3643172615.88719,107460.1,87921.9,97483.9,98760.2,97650.0,97650.1,195386836,26.6,0.0001,UTC+8,"[0.0002, 0.0343, -0.0365, 0.5576, 0.7519, 1.245]","[-0.0009, -0.0053, 0.0002]"
1736075337112,BTC_USDT,97650.1,0.0002,97652.9,97691.0,371402151,3643173836.51314,107460.1,87921.9,97483.9,98760.2,97650.0,97650.1,195386844,26.6,0.0001,UTC+8,"[0.0002, 0.0343, -0.0365, 0.5576, 0.7519, 1.245]","[-0.0009, -0.0053, 0.0002]"
1736075339142,BTC_USDT,97650.1,0.0002,97652.7,97691.0,371402442,3643176678.12875,107460.1,87921.9,97483.9,98760.2,97650.0,97650.1,195387704,26.6,0.0001,UTC+8,"[0.0002, 0.0343, -0.0365, 0.5576, 0.7519, 1.245]","[-0.0009, -0.0053, 0.0002]"
1736075341117,BTC_USDT,97650.1,0.0002,97652.4,97690.7,371402704,3643179236.5604,107459.7,87921.6,97483.9,98760.2,97650.0,97650.1,195387704,26.6,0.0001,UTC+8,"[0.0002, 0.0343, -0.0365, 0.5576, 0.7519, 1.245]","[-0.0009, -0.0053, 0.0002]"
1736075343114,BTC_USDT,97650.0,0.0002,97652.2,97690.7,371402969,3643181824.28581,107459.7,87921.6,97483.9,98760.2,97650.0,97650.1,195346160,26.5,0.0001,UTC+8,"[0.0002, 0.0343, -0.0365, 0.5576, 0.7519, 1.245]","[-0.0009, -0.0053, 0.0002]"
1736075346115,BTC_USDT,97646.6,0.0002,97650.8,97689.4,371403883,3643190749.3289,107458.3,87920.4,97483.9,98760.2,97646.5,97646.6,195347456,23.1,0.0001,UTC+8,"[0.0002, 0.0343, -0.0365, 0.5576, 0.7519, 1.2449]","[-0.0009, -0.0053, 0.0002]"
1736075348114,BTC_USDT,97646.6,0.0002,97649.3,97687.9,371405326,3643204839.72524,107456.6,87919.1,97483.9,98760.2,97642.8,97642.9,195348308,23.1,0.0001,UTC+8,"[0.0002, 0.0343, -0.0365, 0.5576, 0.7519, 1.2449]","[-0.0009, -0.0053, 0.0002]"
1736075350115,BTC_USDT,97642.1,0.0001,97648.9,97687.6,371405936,3643210795.93822,107456.3,87918.8,97483.9,98760.2,97642.1,97642.2,195349420,18.6,0.0001,UTC+8,"[0.0001, 0.0342, -0.0365, 0.5575, 0.7518, 1.2448]","[-0.001, -0.0054, 0.0001]"
1736075352116,BTC_USDT,97642.1,0.0001,97648.8,97687.6,371411636,3643266451.95253,107456.3,87918.8,97483.9,98760.2,97642.1,97642.2,195349420,18.6,0.0001,UTC+8,"[0.0001, 0.0342, -0.0365, 0.5575, 0.7518, 1.2448]","[-0.001, -0.0054, 0.0001]"
1736075355119,BTC_USDT,97640.1,0.0001,97648.5,97687.5,371412001,3643270015.84157,107456.2,87918.7,97483.9,98760.2,97640.0,97640.1,195349560,16.6,0.0001,UTC+8,"[0.0001, 0.0342, -0.0366, 0.5574, 0.7518, 1.2448]","[-0.001, -0.0054, 0.0001]"
1736075357117,BTC_USDT,97640.0,0.0001,97648.4,97687.5,371418420,3643332690.97585,107456.2,87918.7,97483.9,98760.2,97640.0,97640.1,195349548,16.5,0.0001,UTC+8,"[0.0001, 0.0342, -0.0366, 0.5574, 0.7518, 1.2448]","[-0.001, -0.0054, 0.0001]"
1736075359120,BTC_USDT,97640.0,0.0001,97648.3,97687.5,371418468,3643333159.64805,107456.2,87918.7,97483.9,98760.2,97640.0,97640.1,195349660,16.5,0.0001,UTC+8,"[0.0001, 0.0342, -0.0366, 0.5574, 0.7518, 1.2448]","[-0.001, -0.0054, 0.0001]"
1736075362117,BTC_USDT,97640.0,0.0001,97648.2,97687.5,371418542,3643333882.18466,107456.2,87918.7,97483.9,98760.2,97640.0,97640.1,195349660,16.5,0.0001,UTC+8,"[0.0001, 0.0342, -0.0366, 0.5574, 0.7518, 1.2448]","[-0.001, -0.0054, 0.0001]"
1736075364118,BTC_USDT,97640.1,0.0001,97648.1,97687.5,371418851,3643336899.26124,107456.2,87918.7,97483.9,98760.2,97640.0,97640.1,195350572,16.6,0.0001,UTC+8,"[0.0001, 0.0342, -0.0366, 0.5574, 0.7518, 1.2448]","[-0.001, -0.0054, 0.0001]"
1736075366118,BTC_USDT,97640.0,0.0001,97648.0,97687.5,371418916,3643337533.92182,107456.2,87918.7,97483.9,98760.2,97640.0,97640.1,195350572,16.5,0.0001,UTC+8,"[0.0001, 0.0342, -0.0366, 0.5574, 0.7518, 1.2448]","[-0.001, -0.0054, 0.0001]"
1736075368123,BTC_USDT,97640.1,0.0001,97648.0,97687.5,371418930,3643337670.61795,107456.2,87918.7,97483.9,98760.2,97640.0,97640.1,195350572,16.6,0.0001,UTC+8,"[0.0001, 0.0342, -0.0366, 0.5574, 0.7518, 1.2448]","[-0.001, -0.0054, 0.0001]"
1736075371117,BTC_USDT,97640.0,0.0001,97647.8,97687.6,371420338,3643351418.33408,107456.3,87918.8,97483.9,98760.2,97640.0,97640.1,195350572,16.5,0.0001,UTC+8,"[0.0001, 0.0342, -0.0366, 0.5574, 0.7518, 1.2448]","[-0.001, -0.0054, 0.0001]"
1736075373120,BTC_USDT,97640.0,0.0001,97647.7,97687.6,371420526,3643353253.9664,107456.3,87918.8,97483.9,98760.2,97640.0,97640.1,195350220,16.5,0.0001,UTC+8,"[0.0001, 0.0342, -0.0366, 0.5574, 0.7518, 1.2448]","[-0.001, -0.0054, 0.0001]"
1736075375120,BTC_USDT,97640.1,0.0001,97647.6,97687.6,371420847,3643356388.2117,107456.3,87918.8,97483.9,98760.2,97640.0,97640.1,195350220,16.6,0.0001,UTC+8,"[0.0001, 0.0342, -0.0366, 0.5574, 0.7518, 1.2448]","[-0.001, -0.0054, 0.0001]"
1736075378120,BTC_USDT,97640.1,0.0001,97647.5,97687.6,371421599,3643363730.74121,107456.3,87918.8,97483.9,98760.2,97640.0,97640.1,195352572,16.6,0.0001,UTC+8,"[0.0001, 0.0342, -0.0366, 0.5574, 0.7518, 1.2448]","[-0.001, -0.0054, 0.0001]"
1736075380116,BTC_USDT,97640.1,0.0001,97647.4,97687.6,371422111,3643368729.91035,107456.3,87918.8,97483.9,98760.2,97640.0,97640.1,195306688,16.6,0.0001,UTC+8,"[0.0001, 0.0342, -0.0366, 0.5574, 0.7518, 1.2448]","[-0.001, -0.0054, 0.0001]"
1736075382117,BTC_USDT,97640.1,0.0001,97647.4,97687.6,371422798,3643375437.7799,107456.3,87918.8,97483.9,98760.2,97640.0,97640.1,195306688,16.6,0.0001,UTC+8,"[0.0001, 0.0342, -0.0366, 0.5574, 0.7518, 1.2448]","[-0.001, -0.0054, 0.0001]"
1736075384119,BTC_USDT,97640.0,0.0001,97647.3,97687.6,371423855,3643385758.33093,107456.3,87918.8,97483.9,98760.2,97640.0,97640.1,195309696,16.5,0.0001,UTC+8,"[0.0001, 0.0342, -0.0366, 0.5574, 0.7518, 1.2448]","[-0.001, -0.0054, 0.0001]"
1736075387119,BTC_USDT,97640.0,0.0001,97647.2,97687.6,371424603,3643393061.80914,107456.3,87918.8,97483.9,98760.2,97640.0,97640.1,195310192,16.5,0.0001,UTC+8,"[0.0001, 0.0342, -0.0366, 0.5574, 0.7518, 1.2448]","[-0.001, -0.0054, 0.0001]"
1736075389119,BTC_USDT,97640.1,0.0001,97647.1,97687.6,371425112,3643398031.68636,107456.3,87918.8,97483.9,98760.2,97640.0,97640.1,195310620,16.6,0.0001,UTC+8,"[0.0001, 0.0342, -0.0366, 0.5574, 0.7518, 1.2448]","[-0.001, -0.0054, 0.0001]"
1736075391120,BTC_USDT,97640.1,0.0001,97646.7,97687.3,371428382,3643429959.98055,107456.0,87918.5,97483.9,98760.2,97640.0,97640.1,195315648,16.6,0.0001,UTC+8,"[0.0001, 0.0342, -0.0366, 0.5574, 0.7518, 1.2448]","[-0.001, -0.0054, 0.0001]"
1736075394119,BTC_USDT,97640.0,0.0001,97646.5,97687.3,371428512,3643431229.30086,107456.0,87918.5,97483.9,98760.2,97640.0,97640.1,195315916,16.5,0.0001,UTC+8,"[0.0001, 0.0342, -0.0366, 0.5574, 0.7518, 1.2448]","[-0.001, -0.0054, 0.0001]"
1736075396119,BTC_USDT,97640.1,0.0001,97644.0,97684.8,371428616,3643432244.75716,107453.2,87916.3,97483.9,98760.2,97640.0,97640.1,195315916,16.6,0.0001,UTC+8,"[0.0001, 0.0342, -0.0366, 0.5574, 0.7518, 1.2448]","[-0.001, -0.0054, 0.0001]"
1736075398123,BTC_USDT,97640.0,0.0001,97643.9,97684.8,371429242,3643438357.02211,107453.2,87916.3,97483.9,98760.2,97640.0,97640.1,195318420,16.5,0.0001,UTC+8,"[0.0001, 0.0342, -0.0366, 0.5574, 0.7518, 1.2448]","[-0.001, -0.0054, 0.0001]"
1736075400172,BTC_USDT,97640.0,0.0001,97643.7,97684.8,371430450,3643450151.93863,107453.2,87916.3,97483.9,98760.2,97640.0,97640.1,195318544,16.5,0.0001,UTC+8,"[0.0001, 0.0342, -0.0366, 0.5574, 0.7518, 1.2448]","[-0.001, -0.0054, 0.0001]"
1736075403118,BTC_USDT,97640.0,0.0001,97643.6,97684.8,371430739,3643452973.73502,107453.2,87916.3,97483.9,98760.2,97640.0,97640.1,195318640,16.5,0.0001,UTC+8,"[0.0001, 0.0342, -0.0366, 0.5574, 0.7518, 1.2448]","[-0.001, -0.0054, 0.0001]"
1736075405104,BTC_USDT,97640.1,0.0001,97643.5,97684.8,371430849,3643454047.77595,107453.2,87916.3,97483.9,98760.2,97640.0,97640.1,195318640,16.6,0.0001,UTC+8,"[0.0001, 0.0342, -0.0366, 0.5574, 0.7518, 1.2448]","[-0.001, -0.0054, 0.0001]"
1736075407118,BTC_USDT,97640.0,0.0001,97643.4,97684.8,371431022,3643455736.94908,107453.2,87916.3,97483.9,98760.2,97640.0,97640.1,195318640,16.5,0.0001,UTC+8,"[0.0001, 0.0342, -0.0366, 0.5574, 0.7518, 1.2448]","[-0.001, -0.0054, 0.0001]"
1736075410118,BTC_USDT,97640.1,0.0001,97643.2,97684.8,371445987,3643601855.20982,107453.2,87916.3,97483.9,98760.2,97640.0,97640.1,195320408,16.6,0.0001,UTC+8,"[0.0001, 0.0342, -0.0366, 0.5574, 0.7518, 1.2448]","[-0.001, -0.0054, 0.0001]"
1736075412111,BTC_USDT,97640.0,0.0001,97643.0,97684.7,371454435,3643684341.53871,107453.1,87916.2,97483.9,98760.2,97640.0,97640.1,195313948,16.5,0.0001,UTC+8,"[0.0001, 0.0342, -0.0366, 0.5574, 0.7518, 1.2448]","[-0.001, -0.0054, 0.0001]"
1736075414117,BTC_USDT,97640.1,0.0001,97642.9,97684.7,371457981,3643718964.70852,107453.1,87916.2,97483.9,98760.2,97640.0,97640.1,195320412,16.6,0.0001,UTC+8,"[0.0001, 0.0342, -0.0366, 0.5574, 0.7518, 1.2448]","[-0.001, -0.0054, 0.0001]"
1736075416113,BTC_USDT,97640.0,0.0001,97642.8,97684.7,371459065,3643729548.89176,107453.1,87916.2,97483.9,98760.2,97640.0,97640.1,195323328,16.5,0.0001,UTC+8,"[0.0001, 0.0342, -0.0366, 0.5574, 0.7518, 1.2448]","[-0.001, -0.0054, 0.0001]"
1736075419109,BTC_USDT,97640.1,0.0001,97642.7,97684.8,371460372,3643742310.45231,107453.2,87916.3,97483.9,98760.2,97648.7,97648.8,195329972,16.6,0.0001,UTC+8,"[0.0001, 0.0342, -0.0366, 0.5574, 0.7518, 1.2448]","[-0.001, -0.0054, 0.0001]"
1736075421119,BTC_USDT,97655.0,0.0003,97648.7,97685.9,371469108,3643827612.12795,107454.4,87917.3,97483.9,98760.2,97655.0,97655.1,195331028,31.5,0.0001,UTC+8,"[0.0003, 0.0343, -0.0364, 0.5577, 0.752, 1.2451]","[-0.0008, -0.0052, 0.0003]"
1736075423121,BTC_USDT,97655.1,0.0003,97655.2,97688.8,371470335,3643839594.40951,107457.6,87919.9,97483.9,98760.2,97655.1,97655.2,195332592,31.6,0.0001,UTC+8,"[0.0003, 0.0343, -0.0364, 0.5577, 0.752, 1.2451]","[-0.0008, -0.0052, 0.0003]"
1736075426118,BTC_USDT,97655.2,0.0003,97655.1,97688.8,371473086,3643866459.35453,107457.6,87919.9,97483.9,98760.2,97655.1,97655.2,195332592,31.7,0.0001,UTC+8,"[0.0003, 0.0343, -0.0364, 0.5577, 0.752, 1.2451]","[-0.0008, -0.0052, 0.0003]"
1736075428116,BTC_USDT,97655.2,0.0003,97655.1,97688.9,371473106,3643866654.6648,107457.7,87920.0,97483.9,98760.2,97655.1,97655.2,195243184,31.7,0.0001,UTC+8,"[0.0003, 0.0343, -0.0364, 0.5577, 0.752, 1.2451]","[-0.0008, -0.0052, 0.0003]"
1736075430110,BTC_USDT,97655.1,0.0003,97655.1,97688.9,371473848,3643873900.67814,107457.7,87920.0,97483.9,98760.2,97655.1,97655.2,195243004,31.6,0.0001,UTC+8,"[0.0003, 0.0343, -0.0364, 0.5577, 0.752, 1.2451]","[-0.0008, -0.0052, 0.0003]"
1736075432115,BTC_USDT,97655.1,0.0003,97655.2,97688.9,371474265,3643877972.89824,107457.7,87920.0,97483.9,98760.2,97655.1,97655.2,195243004,31.6,0.0001,UTC+8,"[0.0003, 0.0343, -0.0364, 0.5577, 0.752, 1.2451]","[-0.0008, -0.0052, 0.0003]"
1736075435112,BTC_USDT,97655.1,0.0003,97655.1,97688.9,371479565,3643929730.13942,107457.7,87920.0,97483.9,98760.2,97655.1,97655.2,195244076,31.6,0.0001,UTC+8,"[0.0003, 0.0343, -0.0364, 0.5577, 0.752, 1.2451]","[-0.0008, -0.0052, 0.0003]"
1736075437119,BTC_USDT,97655.1,0.0003,97655.1,97688.9,371484494,3643977864.37992,107457.7,87920.0,97483.9,98760.2,97655.1,97655.2,195243880,31.6,0.0001,UTC+8,"[0.0003, 0.0343, -0.0364, 0.5577, 0.752, 1.2451]","[-0.0008, -0.0052, 0.0003]"
1736075439119,BTC_USDT,97655.2,0.0003,97655.2,97688.9,371485492,3643987610.35911,107457.7,87920.0,97483.9,98760.2,97655.1,97655.2,195243880,31.7,0.0001,UTC+8,"[0.0003, 0.0343, -0.0364, 0.5577, 0.752, 1.2451]","[-0.0008, -0.0052, 0.0003]"
1736075442107,BTC_USDT,97655.2,0.0003,97655.2,97688.8,371489265,3644024455.64851,107457.6,87919.9,97483.9,98760.2,97655.1,97655.2,195251252,31.7,0.0001,UTC+8,"[0.0003, 0.0343, -0.0364, 0.5577, 0.752, 1.2451]","[-0.0008, -0.0052, 0.0003]"
1736075444118,BTC_USDT,97655.2,0.0003,97655.1,97688.7,371491697,3644048205.38096,107457.5,87919.8,97483.9,98760.2,97655.1,97655.2,195251568,31.7,0.0001,UTC+8,"[0.0003, 0.0343, -0.0364, 0.5577, 0.752, 1.2451]","[-0.0008, -0.0052, 0.0003]"
1736075446116,BTC_USDT,97655.2,0.0003,97655.2,97688.6,371494632,3644076867.18205,107457.4,87919.7,97483.9,98760.2,97655.1,97655.2,195251568,31.7,0.0001,UTC+8,"[0.0003, 0.0343, -0.0364, 0.5577, 0.752, 1.2451]","[-0.0008, -0.0052, 0.0003]"
1736075448122,BTC_USDT,97655.1,0.0003,97655.2,97688.5,371496455,3644094669.70986,107457.3,87919.6,97483.9,98760.2,97655.1,97655.2,195251600,31.6,0.0001,UTC+8,"[0.0003, 0.0343, -0.0364, 0.5577, 0.752, 1.2451]","[-0.0008, -0.0052, 0.0003]"
1736075451123,BTC_USDT,97652.8,0.0003,97653.7,97688.3,371553051,3644647356.36492,107457.1,87919.4,97483.9,98760.2,97652.8,97652.9,195406124,29.3,0.0001,UTC+8,"[0.0003, 0.0343, -0.0364, 0.5577, 0.752, 1.2451]","[-0.0008, -0.0053, 0.0003]"
1736075453121,BTC_USDT,97650.5,0.0002,97650.5,97688.3,371553122,3644648049.69054,107457.1,87919.4,97483.9,98760.2,97650.5,97650.6,195406268,27.0,0.0001,UTC+8,"[0.0002, 0.0343, -0.0365, 0.5576, 0.7519, 1.245]","[-0.0009, -0.0053, 0.0002]"
1736075455118,BTC_USDT,97650.3,0.0002,97650.4,97688.3,371553853,3644655187.94032,107457.1,87919.4,97483.9,98760.2,97650.3,97650.4,195406528,26.8,0.0001,UTC+8,"[0.0002, 0.0343, -0.0365, 0.5576, 0.7519, 1.245]","[-0.0009, -0.0053, 0.0002]"
1736075457120,BTC_USDT,97650.1,0.0002,97650.1,97688.3,371571974,3644832140.21688,107457.1,87919.4,97483.9,98760.2,97650.0,97650.1,195406528,26.6,0.0001,UTC+8,"[0.0002, 0.0343, -0.0365, 0.5576, 0.7519, 1.245]","[-0.0009, -0.0053, 0.0002]"
1736075460140,BTC_USDT,97650.0,0.0002,97650.1,97688.3,371572358,3644835889.97956,107457.1,87919.4,97483.9,98760.2,97650.0,97650.1,195407300,26.5,0.0001,UTC+8,"[0.0002, 0.0343, -0.0365, 0.5576, 0.7519, 1.245]","[-0.0009, -0.0053, 0.0002]"
1736075462159,BTC_USDT,97650.1,0.0002,97650.1,97688.3,371573720,3644849189.91431,107457.1,87919.4,97483.9,98760.2,97650.0,97650.1,195407840,26.6,0.0001,UTC+8,"[0.0002, 0.0343, -0.0365, 0.5576, 0.7519, 1.245]","[-0.0009, -0.0053, 0.0002]"
1736075464119,BTC_USDT,97650.1,0.0002,97650.1,97688.6,371573762,3644849600.04438,107457.4,87919.7,97483.9,98760.2,97650.0,97650.1,195407848,26.6,0.0001,UTC+8,"[0.0002, 0.0343, -0.0365, 0.5576, 0.7519, 1.245]","[-0.0009, -0.0053, 0.0002]"
1736075467120,BTC_USDT,97650.1,0.0002,97650.1,97688.6,371573848,3644850439.83506,107457.4,87919.7,97483.9,98760.2,97650.0,97650.1,195407848,26.6,0.0001,UTC+8,"[0.0002, 0.0343, -0.0365, 0.5576, 0.7519, 1.245]","[-0.0009, -0.0053, 0.0002]"
1736075469120,BTC_USDT,97650.1,0.0002,97650.1,97688.6,371594906,3645056071.26552,107457.4,87919.7,97483.9,98760.2,97650.0,97650.1,195407888,26.6,0.0001,UTC+8,"[0.0002, 0.0343, -0.0365, 0.5576, 0.7519, 1.245]","[-0.0009, -0.0053, 0.0002]"
1736075471120,BTC_USDT,97650.1,0.0002,97650.1,97688.7,371600602,3645111692.74411,107457.5,87919.8,97483.9,98760.2,97650.0,97650.1,195423032,26.6,0.0001,UTC+8,"[0.0002, 0.0343, -0.0365, 0.5576, 0.7519, 1.245]","[-0.0009, -0.0053, 0.0002]"
1736075474116,BTC_USDT,97650.0,0.0002,97650.1,97688.7,371604253,3645147344.76526,107457.5,87919.8,97483.9,98760.2,97650.0,97650.1,195431968,26.5,0.0001,UTC+8,"[0.0002, 0.0343, -0.0365, 0.5576, 0.7519, 1.245]","[-0.0009, -0.0053, 0.0002]"
1736075476122,BTC_USDT,97650.1,0.0002,97650.0,97688.7,371606388,3645168193.05866,107457.5,87919.8,97483.9,98760.2,97650.0,97650.1,195433796,26.6,0.0001,UTC+8,"[0.0002, 0.0343, -0.0365, 0.5576, 0.7519, 1.245]","[-0.0009, -0.0053, 0.0002]"
1736075478120,BTC_USDT,97650.0,0.0002,97650.0,97688.7,371606638,3645170634.30967,107457.5,87919.8,97483.9,98760.2,97650.0,97650.1,195434412,26.5,0.0001,UTC+8,"[0.0002, 0.0343, -0.0365, 0.5576, 0.7519, 1.245]","[-0.0009, -0.0053, 0.0002]"
1736075480120,BTC_USDT,97650.1,0.0002,97650.1,97688.7,371734529,3646419490.84171,107457.5,87919.8,97483.9,98760.2,97650.0,97650.1,195796264,26.6,0.0001,UTC+8,"[0.0002, 0.0343, -0.0365, 0.5576, 0.7519, 1.245]","[-0.0009, -0.0053, 0.0002]"
1736075483120,BTC_USDT,97655.1,0.0003,97655.2,97689.0,371735242,3646426453.33214,107457.9,87920.1,97483.9,98760.2,97655.1,97655.2,195728120,31.6,0.0001,UTC+8,"[0.0003, 0.0343, -0.0364, 0.5577, 0.752, 1.2451]","[-0.0008, -0.0052, 0.0003]"
1736075485121,BTC_USDT,97655.2,0.0003,97655.2,97689.0,371772048,3646785882.69758,107457.9,87920.1,97483.9,98760.2,97655.1,97655.2,195729872,31.7,0.0001,UTC+8,"[0.0003, 0.0343, -0.0364, 0.5577, 0.752, 1.2451]","[-0.0008, -0.0052, 0.0003]"
1736075487121,BTC_USDT,97655.2,0.0003,97655.2,97689.0,371772223,3646787591.66355,107457.9,87920.1,97483.9,98760.2,97655.1,97655.2,195730552,31.7,0.0001,UTC+8,"[0.0003, 0.0343, -0.0364, 0.5577, 0.752, 1.2451]","[-0.0008, -0.0052, 0.0003]"
1736075490116,BTC_USDT,97655.1,0.0003,97655.1,97689.0,371772609,3646791361.15285,107457.9,87920.1,97483.9,98760.2,97655.1,97655.2,195730736,31.6,0.0001,UTC+8,"[0.0003, 0.0343, -0.0364, 0.5577, 0.752, 1.2451]","[-0.0008, -0.0052, 0.0003]"
1736075492126,BTC_USDT,97655.2,0.0003,97655.1,97689.0,371773020,3646795374.78052,107457.9,87920.1,97483.9,98760.2,97655.1,97655.2,195731740,31.7,0.0001,UTC+8,"[0.0003, 0.0343, -0.0364, 0.5577, 0.752, 1.2451]","[-0.0008, -0.0052, 0.0003]"
1736075494133,BTC_USDT,97655.2,0.0003,97655.1,97689.0,371773053,3646795697.04247,107457.9,87920.1,97483.9,98760.2,97655.1,97655.2,195731740,31.7,0.0001,UTC+8,"[0.0003, 0.0343, -0.0364, 0.5577, 0.752, 1.2451]","[-0.0008, -0.0052, 0.0003]"
1736075496124,BTC_USDT,97655.2,0.0003,97655.2,97689.0,371773105,3646796204.84941,107457.9,87920.1,97483.9,98760.2,97655.1,97655.2,195731740,31.7,0.0001,UTC+8,"[0.0003, 0.0343, -0.0364, 0.5577, 0.752, 1.2451]","[-0.0008, -0.0052, 0.0003]"
1736075499122,BTC_USDT,97655.2,0.0003,97655.2,97689.0,371773315,3646798255.60798,107457.9,87920.1,97483.9,98760.2,97655.1,97655.2,195731988,31.7,0.0001,UTC+8,"[0.0003, 0.0343, -0.0364, 0.5577, 0.752, 1.2451]","[-0.0008, -0.0052, 0.0003]"
1736075501118,BTC_USDT,97655.2,0.0003,97655.1,97689.0,371774607,3646810872.6488,107457.9,87920.1,97483.9,98760.2,97655.1,97655.2,195734388,31.7,0.0001,UTC+8,"[0.0003, 0.0343, -0.0364, 0.5577, 0.752, 1.2451]","[-0.0008, -0.0052, 0.0003]"
1736075503113,BTC_USDT,97655.1,0.0003,97655.1,97689.0,371774754,3646812308.17989,107457.9,87920.1,97483.9,98760.2,97655.1,97655.2,195734468,31.6,0.0001,UTC+8,"[0.0003, 0.0343, -0.0364, 0.5577, 0.752, 1.2451]","[-0.0008, -0.0052, 0.0003]"
1736075506120,BTC_USDT,97655.2,0.0003,97655.2,97689.0,371774883,3646813567.93162,107457.9,87920.1,97483.9,98760.2,97655.1,97655.2,195734772,31.7,0.0001,UTC+8,"[0.0003, 0.0343, -0.0364, 0.5577, 0.752, 1.2451]","[-0.0008, -0.0052, 0.0003]"
1736075508120,BTC_USDT,97655.2,0.0003,97655.2,97689.0,371774931,3646814036.6764,107457.9,87920.1,97483.9,98760.2,97655.1,97655.2,195734772,31.7,0.0001,UTC+8,"[0.0003, 0.0343, -0.0364, 0.5577, 0.752, 1.2451]","[-0.0008, -0.0052, 0.0003]"
1736075510117,BTC_USDT,97655.2,0.0003,97655.1,97689.1,371791524,3646976075.90974,107458.0,87920.1,97483.9,98760.2,97655.1,97655.2,195774772,31.7,0.0001,UTC+8,"[0.0003, 0.0343, -0.0364, 0.5577, 0.752, 1.2451]","[-0.0008, -0.0052, 0.0003]"
1736075512113,BTC_USDT,97655.2,0.0003,97655.2,97689.1,371792568,3646986271.1023,107458.0,87920.1,97483.9,98760.2,97655.1,97655.2,195774772,31.7,0.0001,UTC+8,"[0.0003, 0.0343, -0.0364, 0.5577, 0.752, 1.2451]","[-0.0008, -0.0052, 0.0003]"
1736075515110,BTC_USDT,97655.1,0.0003,97655.1,97689.1,371792601,3646986593.36435,107458.0,87920.1,97483.9,98760.2,97655.1,97655.2,195774772,31.6,0.0001,UTC+8,"[0.0003, 0.0343, -0.0364, 0.5577, 0.752, 1.2451]","[-0.0008, -0.0052, 0.0003]"
